<?xml version="1.0" encoding="UTF-8"?>
<!DOCTYPE html PUBLIC "-//W3C//DTD XHTML 1.0 Transitional//EN"
    "http://www.w3.org/TR/xhtml1/DTD/xhtml1-transitional.dtd">
<html xmlns="http://www.w3.org/1999/xhtml" xml:lang="en" lang="en">
 <head>
  <title>
</title>
<meta http-equiv="Content-Type" content="text/html;charset=utf-8" />
  <meta name='ocr-system' content='tesseract 3.04.00' />
  <meta name='ocr-capabilities' content='ocr_page ocr_carea ocr_par ocr_line ocrx_word'/>
</head>
<body>
  <div class='ocr_page' id='page_1' title='image "./deablativosallu01chrigoog_0017.png"; bbox 0 0 3134 5042; ppageno 0'>
   <div class='ocr_carea' id='block_1_1' title="bbox 666 379 882 438">
    <p class='ocr_par' dir='ltr' id='par_1_1' title="bbox 666 379 882 438">
     <span class='ocr_line' id='line_1_1' title="bbox 666 379 882 438; baseline 0.005 -17"><span class='ocrx_word' id='word_1_1' title='bbox 666 379 882 438; x_wconf 82' lang='lat'>..13-</span> 
     </span>
    </p>
   </div>
   <div class='ocr_carea' id='block_1_2' title="bbox 174 562 1368 4572">
    <p class='ocr_par' dir='ltr' id='par_1_2' title="bbox 265 562 1367 649">
     <span class='ocr_line' id='line_1_2' title="bbox 265 562 1367 649; baseline 0.002 -22"><span class='ocrx_word' id='word_1_2' title='bbox 265 562 441 648; x_wconf 87' lang='lat' dir='ltr'>Adjeotiva,</span> <span class='ocrx_word' id='word_1_3' title='bbox 464 583 550 646; x_wconf 88' lang='lat' dir='ltr'>quae</span> <span class='ocrx_word' id='word_1_4' title='bbox 572 562 777 643; x_wconf 78' lang='lat' dir='ltr'>vacuitatem,</span> <span class='ocrx_word' id='word_1_5' title='bbox 802 562 1009 629; x_wconf 81' lang='lat' dir='ltr'>solitudinem</span> <span class='ocrx_word' id='word_1_6' title='bbox 1033 568 1067 629; x_wconf 93' lang='lat' dir='ltr'>et</span> <span class='ocrx_word' id='word_1_7' title='bbox 1088 564 1231 649; x_wconf 92' lang='lat' dir='ltr'>inopiam</span> <span class='ocrx_word' id='word_1_8' title='bbox 1244 568 1367 644; x_wconf 85' lang='lat' dir='ltr'>notant,</span> 
     </span>
    </p>

    <p class='ocr_par' dir='ltr' id='par_1_3' title="bbox 180 674 830 759">
     <span class='ocr_line' id='line_1_3' title="bbox 180 674 830 759; baseline 0.002 -20"><span class='ocrx_word' id='word_1_9' title='bbox 180 675 418 759; x_wconf 85' lang='lat' dir='ltr'>conjunguntur</span> <span class='ocrx_word' id='word_1_10' title='bbox 442 695 516 740; x_wconf 92' lang='lat' dir='ltr'>oum</span> <span class='ocrx_word' id='word_1_11' title='bbox 536 674 777 759; x_wconf 79' lang='lat' dir='ltr'>praepositione</span> <span class='ocrx_word' id='word_1_12' title='bbox 801 697 830 740; x_wconf 86' lang='grc' dir='ltr'>α.</span> 
     </span>
    </p>

    <p class='ocr_par' dir='ltr' id='par_1_4' title="bbox 176 786 1368 1077">
     <span class='ocr_line' id='line_1_4' title="bbox 221 786 1368 872; baseline 0.002 -21"><span class='ocrx_word' id='word_1_13' title='bbox 221 791 314 853; x_wconf 82' lang='lat' dir='ltr'>liber:</span> <span class='ocrx_word' id='word_1_14' title='bbox 349 786 436 870; x_wconf 92' lang='lat' dir='ltr'>quod</span> <span class='ocrx_word' id='word_1_15' title='bbox 464 787 544 852; x_wconf 93' lang='lat' dir='ltr'>mihi</span> <span class='ocrx_word' id='word_1_16' title='bbox 571 808 591 852; x_wconf 85' lang='lat' dir='ltr'>a</span> <span class='ocrx_word' id='word_1_17' title='bbox 620 808 677 867; x_wconf 79' lang='lat' dir='ltr'>spe</span> <span class='ocrx_word' id='word_1_18' title='bbox 704 797 786 852; x_wconf 80' lang='lat' dir='ltr'>meta</span> <span class='ocrx_word' id='word_1_19' title='bbox 807 791 954 867; x_wconf 77' lang='lat' dir='ltr'>partibas</span> <span class='ocrx_word' id='word_1_20' title='bbox 981 788 1030 853; x_wconf 89' lang='lat' dir='ltr'>rei</span> <span class='ocrx_word' id='word_1_21' title='bbox 1060 787 1212 872; x_wconf 85' lang='lat' dir='ltr'>publicae</span> <span class='ocrx_word' id='word_1_22' title='bbox 1242 789 1368 853; x_wconf 88' lang='lat' dir='ltr'>animus</span> 
     </span>
     <span class='ocr_line' id='line_1_5' title="bbox 176 897 1367 986; baseline 0.003 -24"><span class='ocrx_word' id='word_1_23' title='bbox 176 897 260 965; x_wconf 88' lang='lat' dir='ltr'>liber</span> <span class='ocrx_word' id='word_1_24' title='bbox 290 903 363 964; x_wconf 89' lang='lat' dir='ltr'>erat</span> <span class='ocrx_word' id='word_1_25' title='bbox 391 898 460 965; x_wconf 84' lang='lat' dir='ltr'>Cat</span> <span class='ocrx_word' id='word_1_26' title='bbox 491 904 536 986; x_wconf 66' lang='lat'>4‚2</span> <span class='ocrx_word' id='word_1_27' title='bbox 564 898 671 965; x_wconf 90' lang='lat' dir='ltr'>libera</span> <span class='ocrx_word' id='word_1_28' title='bbox 699 920 721 963; x_wconf 91' lang='lat' dir='ltr'>a</span> <span class='ocrx_word' id='word_1_29' title='bbox 741 899 892 983; x_wconf 87' lang='lat' dir='ltr'>patribus</span> <span class='ocrx_word' id='word_1_30' title='bbox 920 899 1113 966; x_wconf 85' lang='lat' dir='ltr'>auctoribus</span> <span class='ocrx_word' id='word_1_31' title='bbox 1134 899 1291 984; x_wconf 83' lang='lat' dir='ltr'>suffragia</span> <span class='ocrx_word' id='word_1_32' title='bbox 1313 899 1367 965; x_wconf 89' lang='lat' dir='ltr'>Or.</span> 
     </span>
     <span class='ocr_line' id='line_1_6' title="bbox 177 1008 356 1077; baseline 0.006 -4"><span class='ocrx_word' id='word_1_33' title='bbox 177 1008 278 1075; x_wconf 90' lang='lat' dir='ltr'>Macr.</span> <span class='ocrx_word' id='word_1_34' title='bbox 308 1017 356 1077; x_wconf 80' lang='lat'>15.</span> 
     </span>
    </p>

    <p class='ocr_par' dir='ltr' id='par_1_5' title="bbox 176 1122 1368 1657">
     <span class='ocr_line' id='line_1_7' title="bbox 262 1122 1368 1208; baseline 0.003 -22"><span class='ocrx_word' id='word_1_35' title='bbox 262 1143 396 1188; x_wconf 75' lang='lat' dir='ltr'>vacuus:</span> <span class='ocrx_word' id='word_1_36' title='bbox 417 1122 587 1189; x_wconf 89' lang='lat' dir='ltr'>Ablativus</span> <span class='ocrx_word' id='word_1_37' title='bbox 597 1143 757 1208; x_wconf 90' lang='lat' dir='ltr'>personae</span> <span class='ocrx_word' id='word_1_38' title='bbox 772 1128 882 1190; x_wconf 83' lang='lat' dir='ltr'>exstat</span> <span class='ocrx_word' id='word_1_39' title='bbox 902 1123 942 1189; x_wconf 85' lang='lat' dir='ltr'>fr.</span> <span class='ocrx_word' id='word_1_40' title='bbox 962 1124 987 1189; x_wconf 91' lang='lat'>1.</span> <span class='ocrx_word' id='word_1_41' title='bbox 1013 1129 1083 1190; x_wconf 86' lang='lat'>101.</span> <span class='ocrx_word' id='word_1_42' title='bbox 1112 1144 1250 1190; x_wconf 89' lang='lat' dir='ltr'>vacuam</span> <span class='ocrx_word' id='word_1_43' title='bbox 1271 1124 1368 1189; x_wconf 87' lang='lat' dir='ltr'>istam</span> 
     </span>
     <span class='ocr_line' id='line_1_8' title="bbox 176 1232 1366 1321; baseline 0.003 -22"><span class='ocrx_word' id='word_1_44' title='bbox 176 1232 292 1299; x_wconf 89' lang='lat' dir='ltr'>urbem</span> <span class='ocrx_word' id='word_1_45' title='bbox 319 1239 404 1300; x_wconf 82' lang='lat' dir='ltr'>uiris.</span> <span class='ocrx_word' id='word_1_46' title='bbox 449 1234 514 1300; x_wconf 91' lang='lat' dir='ltr'>Ubi</span> <span class='ocrx_word' id='word_1_47' title='bbox 544 1256 598 1301; x_wconf 92' lang='lat' dir='ltr'>res</span> <span class='ocrx_word' id='word_1_48' title='bbox 626 1235 838 1301; x_wconf 79' lang='lat' dir='ltr'>nominantur</span> <span class='ocrx_word' id='word_1_49' title='bbox 867 1236 1004 1319; x_wconf 82' lang='lat' dir='ltr'>legimus</span> <span class='ocrx_word' id='word_1_50' title='bbox 1034 1236 1309 1321; x_wconf 83' lang='lat' dir='ltr'>praepositionem</span> <span class='ocrx_word' id='word_1_51' title='bbox 1336 1258 1366 1302; x_wconf 83' lang='lat' dir='ltr'>a.</span> 
     </span>
     <span class='ocr_line' id='line_1_9' title="bbox 177 1345 1367 1433; baseline 0.003 -23"><span class='ocrx_word' id='word_1_52' title='bbox 177 1367 197 1410; x_wconf 87' lang='lat' dir='ltr'>c</span> <span class='ocrx_word' id='word_1_53' title='bbox 221 1352 313 1427; x_wconf 81' lang='lat' dir='ltr'>culpa</span> <span class='ocrx_word' id='word_1_54' title='bbox 328 1345 397 1412; x_wconf 85' lang='lat' dir='ltr'>Gat.</span> <span class='ocrx_word' id='word_1_55' title='bbox 424 1351 489 1432; x_wconf 72' lang='lat'><strong>14‚4</strong></span> <span class='ocrx_word' id='word_1_56' title='bbox 511 1351 635 1413; x_wconf 76' lang='lat' dir='ltr'>obedio</span> <span class='ocrx_word' id='word_1_57' title='bbox 660 1352 796 1413; x_wconf 81' lang='lat' dir='ltr'>amicitia</span> <span class='ocrx_word' id='word_1_58' title='bbox 815 1353 867 1413; x_wconf 82' lang='lat' dir='ltr'>ira</span> <span class='ocrx_word' id='word_1_59' title='bbox 889 1354 988 1433; x_wconf 90' lang='lat' dir='ltr'>atque</span> <span class='ocrx_word' id='word_1_60' title='bbox 1009 1353 1225 1414; x_wconf 78' lang='lat' dir='ltr'>misericordia</span> <span class='ocrx_word' id='word_1_61' title='bbox 1246 1368 1367 1413; x_wconf 86' lang='lat' dir='ltr'>vacuos</span> 
     </span>
     <span class='ocr_line' id='line_1_10' title="bbox 177 1457 1366 1544; baseline 0.001 -21"><span class='ocrx_word' id='word_1_62' title='bbox 177 1479 247 1523; x_wconf 86' lang='lat' dir='ltr'>esse</span> <span class='ocrx_word' id='word_1_63' title='bbox 269 1458 364 1524; x_wconf 85' lang='lat' dir='ltr'>decet</span> <span class='ocrx_word' id='word_1_64' title='bbox 377 1457 446 1524; x_wconf 78' lang='lat' dir='ltr'>Cat.</span> <span class='ocrx_word' id='word_1_65' title='bbox 471 1465 534 1544; x_wconf 63' lang='lat'>51„</span> <span class='ocrx_word' id='word_1_66' title='bbox 560 1480 699 1525; x_wconf 90' lang='lat' dir='ltr'>vacuum</span> <span class='ocrx_word' id='word_1_67' title='bbox 720 1481 741 1524; x_wconf 84' lang='lat' dir='ltr'>a</span> <span class='ocrx_word' id='word_1_68' title='bbox 763 1463 849 1525; x_wconf 78' lang='lat' dir='ltr'>curis</span> <span class='ocrx_word' id='word_1_69' title='bbox 870 1460 933 1526; x_wconf 89' lang='lat' dir='ltr'>nisi</span> <span class='ocrx_word' id='word_1_70' title='bbox 951 1459 1150 1527; x_wconf 87' lang='lat' dir='ltr'>instantibus</span> <span class='ocrx_word' id='word_1_71' title='bbox 1171 1460 1212 1526; x_wconf 85' lang='lat' dir='ltr'>fr.</span> <span class='ocrx_word' id='word_1_72' title='bbox 1233 1460 1291 1525; x_wconf 91' lang='lat' dir='ltr'><strong>III.</strong></span> <span class='ocrx_word' id='word_1_73' title='bbox 1316 1465 1366 1525; x_wconf 79' lang='lat'>54.</span> 
     </span>
     <span class='ocr_line' id='line_1_11' title="bbox 178 1569 932 1657; baseline 0.004 -23"><span class='ocrx_word' id='word_1_74' title='bbox 178 1569 346 1636; x_wconf 86' lang='lat' dir='ltr'>Genitivus</span> <span class='ocrx_word' id='word_1_75' title='bbox 367 1571 436 1653; x_wconf 83' lang='lat' dir='ltr'>Ing.</span> <span class='ocrx_word' id='word_1_76' title='bbox 460 1575 526 1657; x_wconf 52' lang='lat' dir='ltr'>90ss</span> <span class='ocrx_word' id='word_1_77' title='bbox 553 1592 632 1655; x_wconf 83' lang='lat' dir='ltr'>ager</span> <span class='ocrx_word' id='word_1_78' title='bbox 647 1579 779 1654; x_wconf 73' lang='lat' dir='ltr'>[rapum</span> <span class='ocrx_word' id='word_1_79' title='bbox 801 1592 932 1638; x_wconf 89' lang='lat' dir='ltr'>vacuus.</span> 
     </span>
    </p>

    <p class='ocr_par' dir='ltr' id='par_1_6' title="bbox 177 1683 1367 1973">
     <span class='ocr_line' id='line_1_12' title="bbox 262 1683 1367 1751; baseline 0.004 -4"><span class='ocrx_word' id='word_1_80' title='bbox 262 1687 383 1748; x_wconf 79' lang='lat' dir='ltr'>inania:</span> <span class='ocrx_word' id='word_1_81' title='bbox 405 1688 476 1750; x_wconf 88' lang='lat' dir='ltr'>tota</span> <span class='ocrx_word' id='word_1_82' title='bbox 496 1689 606 1750; x_wconf 89' lang='lat' dir='ltr'>autem</span> <span class='ocrx_word' id='word_1_83' title='bbox 621 1683 761 1750; x_wconf 91' lang='lat' dir='ltr'>insulam</span> <span class='ocrx_word' id='word_1_84' title='bbox 781 1683 877 1750; x_wconf 90' lang='lat' dir='ltr'>odioa</span> <span class='ocrx_word' id='word_1_85' title='bbox 890 1688 924 1749; x_wconf 92' lang='lat' dir='ltr'>et</span> <span class='ocrx_word' id='word_1_86' title='bbox 944 1688 1112 1750; x_wconf 71' lang='lat' dir='ltr'>cultoribru</span> <span class='ocrx_word' id='word_1_87' title='bbox 1127 1683 1233 1751; x_wconf 88' lang='lat' dir='ltr'>inanis</span> <span class='ocrx_word' id='word_1_88' title='bbox 1247 1685 1286 1751; x_wconf 84' lang='lat' dir='ltr'>fr.</span> <span class='ocrx_word' id='word_1_89' title='bbox 1309 1686 1367 1751; x_wconf 89' lang='lat'><strong>111.</strong></span> 
     </span>
     <span class='ocr_line' id='line_1_13' title="bbox 178 1794 1367 1882; baseline 0.003 -23"><span class='ocrx_word' id='word_1_90' title='bbox 178 1798 228 1860; x_wconf 84' lang='lat'>30.</span> <span class='ocrx_word' id='word_1_91' title='bbox 259 1795 298 1861; x_wconf 85' lang='lat' dir='ltr'>cf.</span> <span class='ocrx_word' id='word_1_92' title='bbox 331 1795 518 1862; x_wconf 80' lang='lat' dir='ltr'>Ciceronem</span> <span class='ocrx_word' id='word_1_93' title='bbox 548 1795 591 1862; x_wconf 93' lang='lat' dir='ltr'>ad</span> <span class='ocrx_word' id='word_1_94' title='bbox 620 1797 686 1862; x_wconf 77' lang='lat' dir='ltr'>Ata</span> <span class='ocrx_word' id='word_1_95' title='bbox 715 1800 785 1882; x_wconf 72' lang='lat'>2‚3,1</span> <span class='ocrx_word' id='word_1_96' title='bbox 818 1794 960 1880; x_wconf 82' lang='lat' dir='ltr'>epistula</span> <span class='ocrx_word' id='word_1_97' title='bbox 980 1796 1087 1862; x_wconf 86' lang='lat' dir='ltr'>inanis</span> <span class='ocrx_word' id='word_1_98' title='bbox 1110 1801 1216 1877; x_wconf 78' lang='lat' dir='ltr'>aliqua</span> <span class='ocrx_word' id='word_1_99' title='bbox 1236 1818 1274 1862; x_wconf 86' lang='lat' dir='ltr'>re</span> <span class='ocrx_word' id='word_1_100' title='bbox 1293 1797 1367 1863; x_wconf 89' lang='lat' dir='ltr'>utili</span> 
     </span>
     <span class='ocr_line' id='line_1_14' title="bbox 177 1907 332 1973; baseline 0.006 -2"><span class='ocrx_word' id='word_1_101' title='bbox 177 1912 211 1972; x_wconf 88' lang='lat' dir='ltr'>et</span> <span class='ocrx_word' id='word_1_102' title='bbox 233 1907 332 1973; x_wconf 86' lang='lat' dir='ltr'>suavi.</span> 
     </span>
    </p>

    <p class='ocr_par' dir='ltr' id='par_1_7' title="bbox 176 2019 1366 2327">
     <span class='ocr_line' id='line_1_15' title="bbox 261 2019 1366 2105; baseline 0.002 -21"><span class='ocrx_word' id='word_1_103' title='bbox 261 2019 442 2101; x_wconf 84' lang='lat' dir='ltr'>Ablativus‚</span> <span class='ocrx_word' id='word_1_104' title='bbox 465 2020 523 2105; x_wconf 88' lang='lat' dir='ltr'>qui</span> <span class='ocrx_word' id='word_1_105' title='bbox 544 2020 738 2105; x_wconf 87' lang='lat' dir='ltr'>subjunctus</span> <span class='ocrx_word' id='word_1_106' title='bbox 760 2025 813 2086; x_wconf 89' lang='lat' dir='ltr'>est</span> <span class='ocrx_word' id='word_1_107' title='bbox 833 2019 1016 2105; x_wconf 84' lang='lat' dir='ltr'>participiis</span> <span class='ocrx_word' id='word_1_108' title='bbox 1038 2030 1139 2097; x_wconf 80' lang='lat' dir='ltr'>nutas,</span> <span class='ocrx_word' id='word_1_109' title='bbox 1162 2030 1259 2098; x_wconf 74' lang='lat' dir='ltr'>ortu,</span> <span class='ocrx_word' id='word_1_110' title='bbox 1280 2026 1366 2102; x_wconf 71' lang='lat' dir='ltr'>peni-</span> 
     </span>
     <span class='ocr_line' id='line_1_16' title="bbox 177 2131 1365 2217; baseline 0.002 -22"><span class='ocrx_word' id='word_1_111' title='bbox 177 2141 236 2208; x_wconf 80' lang='lat' dir='ltr'>tas,</span> <span class='ocrx_word' id='word_1_112' title='bbox 259 2152 354 2196; x_wconf 88' lang='lat' dir='ltr'>verus</span> <span class='ocrx_word' id='word_1_113' title='bbox 377 2137 428 2197; x_wconf 86' lang='lat' dir='ltr'>est</span> <span class='ocrx_word' id='word_1_114' title='bbox 449 2132 623 2213; x_wconf 76' lang='lat' dir='ltr'>ablativus,</span> <span class='ocrx_word' id='word_1_115' title='bbox 645 2153 723 2197; x_wconf 93' lang='lat' dir='ltr'>nam</span> <span class='ocrx_word' id='word_1_116' title='bbox 744 2132 921 2217; x_wconf 87' lang='lat' dir='ltr'>respondet</span> <span class='ocrx_word' id='word_1_117' title='bbox 942 2131 1066 2213; x_wconf 85' lang='lat' dir='ltr'>„unde“</span> <span class='ocrx_word' id='word_1_118' title='bbox 1078 2132 1365 2215; x_wconf 83' lang='lat' dir='ltr'>interrogantibus.</span> 
     </span>
     <span class='ocr_line' id='line_1_17' title="bbox 176 2242 671 2327; baseline 0.002 -20"><span class='ocrx_word' id='word_1_119' title='bbox 176 2242 336 2327; x_wconf 87' lang='lat' dir='ltr'>Exempla</span> <span class='ocrx_word' id='word_1_120' title='bbox 357 2243 557 2310; x_wconf 86' lang='lat' dir='ltr'>Sallustiana</span> <span class='ocrx_word' id='word_1_121' title='bbox 578 2249 671 2310; x_wconf 87' lang='lat' dir='ltr'>sunt:</span> 
     </span>
    </p>

    <p class='ocr_par' dir='ltr' id='par_1_8' title="bbox 175 2355 1362 2554">
     <span class='ocr_line' id='line_1_18' title="bbox 262 2355 1362 2443; baseline 0.002 -23"><span class='ocrx_word' id='word_1_122' title='bbox 262 2367 373 2423; x_wconf 76' lang='lat' dir='ltr'>natus.-</span> <span class='ocrx_word' id='word_1_123' title='bbox 407 2360 500 2421; x_wconf 80' lang='lat' dir='ltr'>aobr&#39;li</span> <span class='ocrx_word' id='word_1_124' title='bbox 521 2378 638 2438; x_wconf 76' lang='lat' dir='ltr'>praere</span> <span class='ocrx_word' id='word_1_125' title='bbox 658 2357 727 2423; x_wconf 83' lang='lat' dir='ltr'>(lat.</span> <span class='ocrx_word' id='word_1_126' title='bbox 757 2363 799 2442; x_wconf 46' lang='grc' dir='ltr'>δή</span> <span class='ocrx_word' id='word_1_127' title='bbox 831 2355 922 2422; x_wconf 90' lang='lat' dir='ltr'>haud</span> <span class='ocrx_word' id='word_1_128' title='bbox 952 2361 1081 2422; x_wconf 81' lang='lat' dir='ltr'>obscuro</span> <span class='ocrx_word' id='word_1_129' title='bbox 1110 2361 1175 2422; x_wconf 83' lang='lat' dir='ltr'>loco</span> <span class='ocrx_word' id='word_1_130' title='bbox 1206 2355 1275 2422; x_wconf 80' lang='lat' dir='ltr'>Cat.</span> <span class='ocrx_word' id='word_1_131' title='bbox 1298 2362 1362 2443; x_wconf 83' lang='lat'>23,1</span> 
     </span>
     <span class='ocr_line' id='line_1_19' title="bbox 175 2466 909 2554; baseline 0 -22"><span class='ocrx_word' id='word_1_132' title='bbox 175 2468 379 2554; x_wconf 88' lang='lat' dir='ltr'>Praepositio</span> <span class='ocrx_word' id='word_1_133' title='bbox 402 2473 440 2534; x_wconf 84' lang='lat' dir='ltr'>ab</span> <span class='ocrx_word' id='word_1_134' title='bbox 461 2466 514 2534; x_wconf 91' lang='lat' dir='ltr'>vel</span> <span class='ocrx_word' id='word_1_135' title='bbox 535 2491 576 2534; x_wconf 79' lang='lat' dir='ltr'>ea</span> <span class='ocrx_word' id='word_1_136' title='bbox 598 2489 759 2553; x_wconf 88' lang='lat' dir='ltr'>nusquam</span> <span class='ocrx_word' id='word_1_137' title='bbox 779 2468 909 2551; x_wconf 84' lang='lat' dir='ltr'>legitur.</span> 
     </span>
    </p>

    <p class='ocr_par' dir='ltr' id='par_1_9' title="bbox 175 2579 1367 3339">
     <span class='ocr_line' id='line_1_20' title="bbox 262 2579 1366 2667; baseline 0.001 -22"><span class='ocrx_word' id='word_1_138' title='bbox 262 2592 368 2646; x_wconf 78' lang='lat' dir='ltr'>ortua:</span> <span class='ocrx_word' id='word_1_139' title='bbox 400 2602 438 2646; x_wconf 84' lang='lat' dir='ltr'>ec</span> <span class='ocrx_word' id='word_1_140' title='bbox 452 2587 576 2661; x_wconf 78' lang='lat' dir='ltr'>familia</span> <span class='ocrx_word' id='word_1_141' title='bbox 596 2580 665 2646; x_wconf 83' lang='lat' dir='ltr'>Cat.</span> <span class='ocrx_word' id='word_1_142' title='bbox 689 2586 765 2667; x_wconf 68' lang='lat' dir='ltr'>3¹vv·</span> <span class='ocrx_word' id='word_1_143' title='bbox 809 2580 905 2646; x_wconf 88' lang='lat' dir='ltr'>Multi</span> <span class='ocrx_word' id='word_1_144' title='bbox 936 2581 1000 2647; x_wconf 94' lang='lat' dir='ltr'>loci</span> <span class='ocrx_word' id='word_1_145' title='bbox 1023 2579 1178 2646; x_wconf 84' lang='lat' dir='ltr'>exhibent</span> <span class='ocrx_word' id='word_1_146' title='bbox 1197 2581 1366 2666; x_wconf 90' lang='lat' dir='ltr'>praeposi·</span> 
     </span>
     <span class='ocr_line' id='line_1_21' title="bbox 175 2692 1367 2779; baseline 0.002 -22"><span class='ocrx_word' id='word_1_147' title='bbox 175 2693 297 2758; x_wconf 87' lang='lat' dir='ltr'>tionem</span> <span class='ocrx_word' id='word_1_148' title='bbox 309 2715 349 2758; x_wconf 82' lang='lat' dir='ltr'>ex</span> <span class='ocrx_word' id='word_1_149' title='bbox 358 2723 367 2757; x_wconf 92' lang='lat'>.·</span> <span class='ocrx_word' id='word_1_150' title='bbox 391 2714 431 2758; x_wconf 80' lang='lat' dir='ltr'>ex</span> <span class='ocrx_word' id='word_1_151' title='bbox 453 2692 702 2778; x_wconf 82' lang='lat' dir='ltr'>concubinalug.</span> <span class='ocrx_word' id='word_1_152' title='bbox 727 2700 771 2779; x_wconf 51' lang='lat' dir='ltr'>op</span> <span class='ocrx_word' id='word_1_153' title='bbox 795 2692 835 2759; x_wconf 85' lang='lat' dir='ltr'>cf.</span> <span class='ocrx_word' id='word_1_154' title='bbox 858 2699 942 2779; x_wconf 89' lang='grc'>108,1</span> <span class='ocrx_word' id='word_1_155' title='bbox 966 2692 1149 2778; x_wconf 87' lang='lat' dir='ltr'>Improprie</span> <span class='ocrx_word' id='word_1_156' title='bbox 1170 2692 1294 2758; x_wconf 89' lang='lat' dir='ltr'>dictum</span> <span class='ocrx_word' id='word_1_157' title='bbox 1316 2699 1367 2759; x_wconf 88' lang='lat' dir='ltr'>est</span> 
     </span>
     <span class='ocr_line' id='line_1_22' title="bbox 175 2803 1365 2891; baseline 0.001 -22"><span class='ocrx_word' id='word_1_158' title='bbox 175 2804 244 2869; x_wconf 83' lang='lat' dir='ltr'>Cat.</span> <span class='ocrx_word' id='word_1_159' title='bbox 266 2811 348 2891; x_wconf 57' lang='lat' dir='ltr'>blm</span> <span class='ocrx_word' id='word_1_160' title='bbox 373 2806 481 2870; x_wconf 89' lang='lat' dir='ltr'>omnia</span> <span class='ocrx_word' id='word_1_161' title='bbox 501 2806 589 2871; x_wconf 90' lang='lat' dir='ltr'>mala</span> <span class='ocrx_word' id='word_1_162' title='bbox 603 2807 752 2891; x_wconf 87' lang='lat' dir='ltr'>exempla</span> <span class='ocrx_word' id='word_1_163' title='bbox 773 2825 815 2871; x_wconf 84' lang='lat' dir='ltr'>ex</span> <span class='ocrx_word' id='word_1_164' title='bbox 836 2805 934 2872; x_wconf 88' lang='lat' dir='ltr'>rebus</span> <span class='ocrx_word' id='word_1_165' title='bbox 955 2804 1050 2871; x_wconf 92' lang='lat' dir='ltr'>bonis</span> <span class='ocrx_word' id='word_1_166' title='bbox 1072 2810 1147 2871; x_wconf 88' lang='lat' dir='ltr'>orta</span> <span class='ocrx_word' id='word_1_167' title='bbox 1167 2809 1252 2870; x_wconf 87' lang='lat' dir='ltr'>sunt</span> <span class='ocrx_word' id='word_1_168' title='bbox 1296 2803 1365 2870; x_wconf 83' lang='lat' dir='ltr'>Cat</span> 
     </span>
     <span class='ocr_line' id='line_1_23' title="bbox 177 2917 1364 3003; baseline 0 -22"><span class='ocrx_word' id='word_1_169' title='bbox 177 2920 242 3003; x_wconf 69' lang='lat'>34‚2</span> <span class='ocrx_word' id='word_1_170' title='bbox 270 2937 311 2982; x_wconf 89' lang='lat' dir='ltr'>ne</span> <span class='ocrx_word' id='word_1_171' title='bbox 339 2937 380 2982; x_wconf 86' lang='lat' dir='ltr'>ex</span> <span class='ocrx_word' id='word_1_172' title='bbox 405 2939 465 2983; x_wconf 89' lang='lat' dir='ltr'>sua</span> <span class='ocrx_word' id='word_1_173' title='bbox 487 2918 693 2984; x_wconf 86' lang='lat' dir='ltr'>contentione</span> <span class='ocrx_word' id='word_1_174' title='bbox 714 2918 832 2984; x_wconf 87' lang='lat' dir='ltr'>seditio</span> <span class='ocrx_word' id='word_1_175' title='bbox 861 2918 1011 2984; x_wconf 89' lang='lat' dir='ltr'>oriretur.</span> <span class='ocrx_word' id='word_1_176' title='bbox 1034 2938 1076 2982; x_wconf 81' lang='lat' dir='ltr'>cx</span> <span class='ocrx_word' id='word_1_177' title='bbox 1098 2921 1207 2998; x_wconf 77' lang='lat' dir='ltr'>quibas</span> <span class='ocrx_word' id='word_1_178' title='bbox 1228 2917 1296 3000; x_wconf 82' lang='lat' dir='ltr'>lug.</span> <span class='ocrx_word' id='word_1_179' title='bbox 1319 2922 1364 3003; x_wconf 73' lang='lat'>6‚3</span> 
     </span>
     <span class='ocr_line' id='line_1_24' title="bbox 176 3027 1365 3115; baseline -0.001 -21"><span class='ocrx_word' id='word_1_180' title='bbox 176 3049 217 3094; x_wconf 82' lang='lat' dir='ltr'>ex</span> <span class='ocrx_word' id='word_1_181' title='bbox 240 3050 275 3093; x_wconf 84' lang='lat' dir='ltr'>eo</span> <span class='ocrx_word' id='word_1_182' title='bbox 296 3029 365 3114; x_wconf 81' lang='lat' dir='ltr'>lug.</span> <span class='ocrx_word' id='word_1_183' title='bbox 389 3035 464 3115; x_wconf 59' lang='lat'>721.</span> <span class='ocrx_word' id='word_1_184' title='bbox 509 3029 788 3115; x_wconf 85' lang='lat' dir='ltr'>Praepositionem</span> <span class='ocrx_word' id='word_1_185' title='bbox 810 3034 848 3095; x_wconf 84' lang='lat' dir='ltr'>ub</span> <span class='ocrx_word' id='word_1_186' title='bbox 870 3030 959 3095; x_wconf 91' lang='lat' dir='ltr'>nullo</span> <span class='ocrx_word' id='word_1_187' title='bbox 980 3030 1053 3096; x_wconf 91' lang='lat' dir='ltr'>looo</span> <span class='ocrx_word' id='word_1_188' title='bbox 1075 3029 1214 3115; x_wconf 79' lang='lat' dir='ltr'>repperi.</span> <span class='ocrx_word' id='word_1_189' title='bbox 1238 3028 1279 3094; x_wconf 86' lang='lat' dir='ltr'>cf.</span> <span class='ocrx_word' id='word_1_190' title='bbox 1301 3027 1365 3094; x_wconf 84' lang='lat' dir='ltr'>Cio.</span> 
     </span>
     <span class='ocr_line' id='line_1_25' title="bbox 176 3138 1365 3228; baseline -0.001 -23"><span class='ocrx_word' id='word_1_191' title='bbox 176 3140 304 3206; x_wconf 85' lang='lat' dir='ltr'>Tuscul.</span> <span class='ocrx_word' id='word_1_192' title='bbox 335 3142 359 3206; x_wconf 93' lang='grc' dir='ltr'>Ι.</span> <span class='ocrx_word' id='word_1_193' title='bbox 392 3147 470 3228; x_wconf 80' lang='lat' dir='ltr'>¹0ar</span> <span class='ocrx_word' id='word_1_194' title='bbox 504 3162 600 3225; x_wconf 91' lang='lat' dir='ltr'>quem</span> <span class='ocrx_word' id='word_1_195' title='bbox 628 3143 676 3207; x_wconf 88' lang='lat' dir='ltr'>ait</span> <span class='ocrx_word' id='word_1_196' title='bbox 705 3163 726 3206; x_wconf 91' lang='lat' dir='ltr'>a</span> <span class='ocrx_word' id='word_1_197' title='bbox 748 3140 948 3207; x_wconf 89' lang='lat' dir='ltr'>Deucalione</span> <span class='ocrx_word' id='word_1_198' title='bbox 978 3146 1095 3206; x_wconf 88' lang='lat' dir='ltr'>ortum.</span> <span class='ocrx_word' id='word_1_199' title='bbox 1139 3139 1261 3205; x_wconf 83' lang='lat' dir='ltr'>Caesar</span> <span class='ocrx_word' id='word_1_200' title='bbox 1289 3138 1365 3205; x_wconf 90' lang='lat' dir='ltr'>bell.</span> 
     </span>
     <span class='ocr_line' id='line_1_26' title="bbox 176 3251 965 3339; baseline -0.001 -22"><span class='ocrx_word' id='word_1_201' title='bbox 176 3251 250 3336; x_wconf 77' lang='lat' dir='ltr'>gall.</span> <span class='ocrx_word' id='word_1_202' title='bbox 274 3258 343 3339; x_wconf 77' lang='lat'>2,4,1</span> <span class='ocrx_word' id='word_1_203' title='bbox 369 3252 487 3337; x_wconf 83' lang='lat' dir='ltr'>Belgas</span> <span class='ocrx_word' id='word_1_204' title='bbox 512 3273 583 3319; x_wconf 87' lang='lat' dir='ltr'>esse</span> <span class='ocrx_word' id='word_1_205' title='bbox 605 3257 695 3319; x_wconf 88' lang='lat' dir='ltr'>ortos</span> <span class='ocrx_word' id='word_1_206' title='bbox 718 3252 760 3317; x_wconf 91' lang='lat' dir='ltr'>ab</span> <span class='ocrx_word' id='word_1_207' title='bbox 785 3251 965 3317; x_wconf 88' lang='lat' dir='ltr'>Germanis.</span> 
     </span>
    </p>

    <p class='ocr_par' dir='ltr' id='par_1_10' title="bbox 175 3362 1366 3898">
     <span class='ocr_line' id='line_1_27' title="bbox 260 3362 1365 3449; baseline 0 -21"><span class='ocrx_word' id='word_1_208' title='bbox 260 3371 400 3446; x_wconf 75' lang='lat' dir='ltr'>penitus:</span> <span class='ocrx_word' id='word_1_209' title='bbox 420 3364 508 3430; x_wconf 87' lang='lat' dir='ltr'>filius</span> <span class='ocrx_word' id='word_1_210' title='bbox 530 3369 614 3447; x_wconf 75' lang='lat' dir='ltr'>Nysa</span> <span class='ocrx_word' id='word_1_211' title='bbox 635 3415 643 3431; x_wconf 93' lang='lat'><strong>.</strong></span> <span class='ocrx_word' id='word_1_212' title='bbox 666 3414 674 3430; x_wconf 84' lang='lat'><strong>.</strong></span> <span class='ocrx_word' id='word_1_213' title='bbox 698 3414 706 3430; x_wconf 89' lang='lat'><strong>.</strong></span> <span class='ocrx_word' id='word_1_214' title='bbox 730 3364 858 3449; x_wconf 82' lang='lat' dir='ltr'>genitus</span> <span class='ocrx_word' id='word_1_215' title='bbox 869 3364 929 3449; x_wconf 87' lang='lat' dir='ltr'>Ep.</span> <span class='ocrx_word' id='word_1_216' title='bbox 943 3362 1053 3429; x_wconf 85' lang='lat' dir='ltr'>Mithr.</span> <span class='ocrx_word' id='word_1_217' title='bbox 1077 3368 1105 3430; x_wconf 88' lang='grc'>9.</span> <span class='ocrx_word' id='word_1_218' title='bbox 1126 3382 1247 3448; x_wconf 82' lang='lat' dir='ltr'>genera</span> <span class='ocrx_word' id='word_1_219' title='bbox 1268 3362 1365 3428; x_wconf 89' lang='lat' dir='ltr'>arbo·</span> 
     </span>
     <span class='ocr_line' id='line_1_28' title="bbox 175 3475 1366 3564; baseline -0.003 -21"><span class='ocrx_word' id='word_1_220' title='bbox 175 3498 257 3558; x_wconf 79' lang='lat' dir='ltr'>ium,</span> <span class='ocrx_word' id='word_1_221' title='bbox 281 3498 365 3563; x_wconf 90' lang='lat' dir='ltr'>quae</span> <span class='ocrx_word' id='word_1_222' title='bbox 383 3477 474 3542; x_wconf 92' lang='lat' dir='ltr'>humi</span> <span class='ocrx_word' id='word_1_223' title='bbox 490 3482 580 3543; x_wconf 80' lang='lat' dir='ltr'>arido</span> <span class='ocrx_word' id='word_1_224' title='bbox 594 3477 770 3562; x_wconf 81' lang='lat' dir='ltr'>gignuntur</span> <span class='ocrx_word' id='word_1_225' title='bbox 783 3477 852 3561; x_wconf 80' lang='lat' dir='ltr'>lug.</span> <span class='ocrx_word' id='word_1_226' title='bbox 876 3482 953 3564; x_wconf 61' lang='lat'>483.</span> <span class='ocrx_word' id='word_1_227' title='bbox 997 3476 1201 3561; x_wconf 87' lang='lat' dir='ltr'>Praepositio</span> <span class='ocrx_word' id='word_1_228' title='bbox 1224 3496 1264 3541; x_wconf 86' lang='lat' dir='ltr'>ex</span> <span class='ocrx_word' id='word_1_229' title='bbox 1284 3475 1366 3559; x_wconf 86' lang='lat' dir='ltr'>legi·</span> 
     </span>
     <span class='ocr_line' id='line_1_29' title="bbox 175 3587 1365 3677; baseline -0.001 -23"><span class='ocrx_word' id='word_1_230' title='bbox 175 3595 230 3655; x_wconf 89' lang='lat' dir='ltr'>tur</span> <span class='ocrx_word' id='word_1_231' title='bbox 250 3591 319 3674; x_wconf 82' lang='lat' dir='ltr'>Ing.</span> <span class='ocrx_word' id='word_1_232' title='bbox 344 3596 388 3677; x_wconf 72' lang='lat'>5,5</span> <span class='ocrx_word' id='word_1_233' title='bbox 420 3596 513 3676; x_wconf 58' lang='lat' dir='ltr'>dam.</span> <span class='ocrx_word' id='word_1_234' title='bbox 556 3589 777 3675; x_wconf 88' lang='lat' dir='ltr'>Hiempsalem</span> <span class='ocrx_word' id='word_1_235' title='bbox 799 3610 840 3655; x_wconf 85' lang='lat' dir='ltr'>ex</span> <span class='ocrx_word' id='word_1_236' title='bbox 861 3610 934 3656; x_wconf 86' lang='lat' dir='ltr'>sese</span> <span class='ocrx_word' id='word_1_237' title='bbox 957 3589 1076 3674; x_wconf 81' lang='lat' dir='ltr'>genuit.</span> <span class='ocrx_word' id='word_1_238' title='bbox 1120 3608 1214 3654; x_wconf 90' lang='lat' dir='ltr'>mene</span> <span class='ocrx_word' id='word_1_239' title='bbox 1237 3587 1365 3654; x_wconf 89' lang='lat' dir='ltr'>anillos</span> 
     </span>
     <span class='ocr_line' id='line_1_30' title="bbox 175 3700 1364 3788; baseline -0.003 -21"><span class='ocrx_word' id='word_1_240' title='bbox 175 3722 215 3767; x_wconf 85' lang='lat' dir='ltr'>cx</span> <span class='ocrx_word' id='word_1_241' title='bbox 236 3723 271 3768; x_wconf 90' lang='lat' dir='ltr'>se</span> <span class='ocrx_word' id='word_1_242' title='bbox 290 3703 378 3786; x_wconf 78' lang='lat' dir='ltr'>gigni</span> <span class='ocrx_word' id='word_1_243' title='bbox 406 3702 589 3769; x_wconf 89' lang='lat' dir='ltr'>maluerint.</span> <span class='ocrx_word' id='word_1_244' title='bbox 637 3706 772 3769; x_wconf 74' lang='lat' dir='ltr'>Geniauo</span> <span class='ocrx_word' id='word_1_245' title='bbox 794 3703 887 3786; x_wconf 83' lang='lat' dir='ltr'>origo</span> <span class='ocrx_word' id='word_1_246' title='bbox 905 3702 1098 3787; x_wconf 82' lang='lat' dir='ltr'>exprimitur</span> <span class='ocrx_word' id='word_1_247' title='bbox 1119 3700 1188 3784; x_wconf 82' lang='lat' dir='ltr'>lug.</span> <span class='ocrx_word' id='word_1_248' title='bbox 1212 3707 1280 3788; x_wconf 75' lang='lat'><strong>95,3</strong></span> <span class='ocrx_word' id='word_1_249' title='bbox 1303 3701 1364 3784; x_wconf 84' lang='lat' dir='ltr'>igi-</span> 
     </span>
     <span class='ocr_line' id='line_1_31' title="bbox 175 3814 877 3898; baseline 0.004 -20"><span class='ocrx_word' id='word_1_250' title='bbox 175 3817 230 3879; x_wconf 89' lang='lat' dir='ltr'>tur</span> <span class='ocrx_word' id='word_1_251' title='bbox 252 3814 465 3896; x_wconf 26' lang='lat' dir='ltr'>Sullaxpeatia</span> <span class='ocrx_word' id='word_1_252' title='bbox 485 3815 644 3898; x_wconf 89' lang='lat' dir='ltr'>patriciae</span> <span class='ocrx_word' id='word_1_253' title='bbox 667 3815 784 3882; x_wconf 88' lang='lat' dir='ltr'>nobilis</span> <span class='ocrx_word' id='word_1_254' title='bbox 805 3815 877 3881; x_wconf 88' lang='lat' dir='ltr'>fuit.</span> 
     </span>
    </p>

    <p class='ocr_par' dir='ltr' id='par_1_11' title="bbox 175 3925 1367 4236">
     <span class='ocr_line' id='line_1_32' title="bbox 260 3925 1364 4010; baseline -0.002 -18"><span class='ocrx_word' id='word_1_255' title='bbox 260 3926 391 3992; x_wconf 84' lang='lat' dir='ltr'>Accedo</span> <span class='ocrx_word' id='word_1_256' title='bbox 422 3926 465 3992; x_wconf 92' lang='lat' dir='ltr'>ad</span> <span class='ocrx_word' id='word_1_257' title='bbox 494 3926 682 4007; x_wconf 85' lang='lat' dir='ltr'>ablativum,</span> <span class='ocrx_word' id='word_1_258' title='bbox 711 3948 809 4010; x_wconf 89' lang='lat' dir='ltr'>quem</span> <span class='ocrx_word' id='word_1_259' title='bbox 836 3925 1041 4010; x_wconf 80' lang='lat' dir='ltr'>grammatici</span> <span class='ocrx_word' id='word_1_260' title='bbox 1070 3925 1183 3991; x_wconf 92' lang='lat' dir='ltr'>dicunt</span> <span class='ocrx_word' id='word_1_261' title='bbox 1204 3945 1364 4005; x_wconf 82' lang='lat' dir='ltr'>comparc-</span> 
     </span>
     <span class='ocr_line' id='line_1_33' title="bbox 178 4036 1367 4121; baseline 0.002 -20"><span class='ocrx_word' id='word_1_262' title='bbox 178 4043 279 4104; x_wconf 80' lang='lat' dir='ltr'>a’om‘s.</span> <span class='ocrx_word' id='word_1_263' title='bbox 324 4039 357 4105; x_wconf 87' lang='lat' dir='ltr'>Is</span> <span class='ocrx_word' id='word_1_264' title='bbox 382 4060 475 4104; x_wconf 82' lang='lat' dir='ltr'>verus</span> <span class='ocrx_word' id='word_1_265' title='bbox 504 4042 555 4103; x_wconf 87' lang='lat' dir='ltr'>est</span> <span class='ocrx_word' id='word_1_266' title='bbox 576 4043 736 4119; x_wconf 75' lang='lat' dir='ltr'>ablaticus,</span> <span class='ocrx_word' id='word_1_267' title='bbox 767 4037 825 4121; x_wconf 90' lang='lat' dir='ltr'>qui</span> <span class='ocrx_word' id='word_1_268' title='bbox 852 4036 1049 4104; x_wconf 88' lang='lat' dir='ltr'>abscedendi</span> <span class='ocrx_word' id='word_1_269' title='bbox 1068 4036 1243 4121; x_wconf 80' lang='lat' dir='ltr'>imaginem</span> <span class='ocrx_word' id='word_1_270' title='bbox 1264 4036 1367 4103; x_wconf 89' lang='lat' dir='ltr'>oculis</span> 
     </span>
     <span class='ocr_line' id='line_1_34' title="bbox 175 4150 336 4236; baseline 0.006 -22"><span class='ocrx_word' id='word_1_271' title='bbox 175 4150 336 4236; x_wconf 86' lang='lat' dir='ltr'>subjiciat.</span> 
     </span>
    </p>

    <p class='ocr_par' dir='ltr' id='par_1_12' title="bbox 174 4260 1365 4572">
     <span class='ocr_line' id='line_1_35' title="bbox 261 4260 1364 4347; baseline 0.001 -20"><span class='ocrx_word' id='word_1_272' title='bbox 261 4263 296 4327; x_wconf 87' lang='lat' dir='ltr'>Si</span> <span class='ocrx_word' id='word_1_273' title='bbox 325 4262 462 4328; x_wconf 87' lang='lat' dir='ltr'>dicimus</span> <span class='ocrx_word' id='word_1_274' title='bbox 484 4267 598 4347; x_wconf 82' lang='lat' dir='ltr'>„pater</span> <span class='ocrx_word' id='word_1_275' title='bbox 624 4261 730 4347; x_wconf 89' lang='lat' dir='ltr'>major</span> <span class='ocrx_word' id='word_1_276' title='bbox 751 4266 830 4342; x_wconf 87' lang='lat' dir='ltr'>est“‚</span> <span class='ocrx_word' id='word_1_277' title='bbox 853 4260 1076 4327; x_wconf 86' lang='lat' dir='ltr'>desideramus</span> <span class='ocrx_word' id='word_1_278' title='bbox 1097 4260 1213 4341; x_wconf 89' lang='lat' dir='ltr'>locum,</span> <span class='ocrx_word' id='word_1_279' title='bbox 1236 4282 1276 4326; x_wconf 87' lang='lat' dir='ltr'>ox</span> <span class='ocrx_word' id='word_1_280' title='bbox 1299 4283 1364 4346; x_wconf 91' lang='lat' dir='ltr'>quo</span> 
     </span>
     <span class='ocr_line' id='line_1_36' title="bbox 174 4372 1365 4459; baseline 0.002 -21"><span class='ocrx_word' id='word_1_281' title='bbox 174 4373 255 4439; x_wconf 92' lang='lat' dir='ltr'>illud</span> <span class='ocrx_word' id='word_1_282' title='bbox 278 4375 403 4458; x_wconf 87' lang='lat' dir='ltr'>„majus</span> <span class='ocrx_word' id='word_1_283' title='bbox 427 4380 516 4440; x_wconf 86' lang='lat' dir='ltr'>esse“</span> <span class='ocrx_word' id='word_1_284' title='bbox 540 4374 691 4458; x_wconf 79' lang='lat' dir='ltr'>cognosci</span> <span class='ocrx_word' id='word_1_285' title='bbox 701 4378 828 4459; x_wconf 80' lang='lat' dir='ltr'>potest3</span> <span class='ocrx_word' id='word_1_286' title='bbox 851 4372 1022 4459; x_wconf 86' lang='lat' dir='ltr'>adjicimus</span> <span class='ocrx_word' id='word_1_287' title='bbox 1040 4377 1115 4451; x_wconf 76' lang='lat' dir='ltr'>filio,</span> <span class='ocrx_word' id='word_1_288' title='bbox 1137 4372 1166 4437; x_wconf 85' lang='lat' dir='ltr'>si</span> <span class='ocrx_word' id='word_1_289' title='bbox 1179 4378 1365 4457; x_wconf 86' lang='lat' dir='ltr'>spectamus</span> 
     </span>
     <span class='ocr_line' id='line_1_37' title="bbox 176 4484 1364 4572; baseline 0.001 -22"><span class='ocrx_word' id='word_1_290' title='bbox 176 4505 197 4550; x_wconf 93' lang='lat' dir='ltr'>a</span> <span class='ocrx_word' id='word_1_291' title='bbox 223 4484 291 4550; x_wconf 86' lang='lat' dir='ltr'>filio</span> <span class='ocrx_word' id='word_1_292' title='bbox 314 4507 408 4566; x_wconf 79' lang='lat' dir='ltr'>„vom</span> <span class='ocrx_word' id='word_1_293' title='bbox 433 4486 541 4552; x_wconf 83' lang='lat' dir='ltr'>Sohne</span> <span class='ocrx_word' id='word_1_294' title='bbox 571 4508 630 4553; x_wconf 87' lang='lat' dir='ltr'>aus</span> <span class='ocrx_word' id='word_1_295' title='bbox 657 4485 851 4572; x_wconf 78' lang='lat' dir='ltr'>gerochnet“</span> <span class='ocrx_word' id='word_1_296' title='bbox 887 4485 1007 4551; x_wconf 92' lang='lat' dir='ltr'>bonum</span> <span class='ocrx_word' id='word_1_297' title='bbox 1038 4484 1196 4551; x_wconf 85' lang='lat' dir='ltr'>habemus</span> <span class='ocrx_word' id='word_1_298' title='bbox 1226 4505 1364 4551; x_wconf 87' lang='lat' dir='ltr'>sensum.</span> 
     </span>
    </p>
   </div>
   <div class='ocr_carea' id='block_1_3' title="bbox 0 0 1572 5042">
    <p class='ocr_par' dir='ltr' id='par_1_13' title="bbox 0 0 1572 5042">
     <span class='ocr_line' id='line_1_38' title="bbox 0 0 1572 5042; baseline 0 0"><span class='ocrx_word' id='word_1_299' title='bbox 0 0 1572 5042; x_wconf 95' lang='lat' dir='ltr'> </span> 
     </span>
    </p>
   </div>
  </div>
 </body>
</html>
