3134 5042
687 355 904 417 ..26-

204 541 264 606 niti
293 545 475 621 corporibus
501 540 571 626 Iug.
601 547 686 627 bow
715 540 881 608 interdum
914 540 1046 607 timidos
1067 541 1241 608 insolentia
1268 541 1398 607 itineris

202 652 313 719 levare
334 674 426 718 manu
437 652 505 738 lug.
519 660 570 734 94,
581 696 605 741 2.
649 653 791 719 Marium
812 674 871 719 sisa
884 653 1194 721 manuinterfeetum
1208 652 1276 738 lug.
1291 658 1397 740 lone.

204 787 297 830 manu
319 770 433 832 tenens
455 766 524 832 Oat.
546 771 629 852 46ης.
662 785 873 850 quascunque
895 764 988 832 urbis
1009 770 1161 852 stagras
1182 787 1275 832 manu
1302 786 1398 850 cepe·

203 881 258 942 rat
279 878 347 962 lug.
372 886 401 959 5,
410 919 434 964 4.
458 876 546 962 quod
568 882 714 944 armatus
734 883 888 945 dedecore
908 877 1013 962 magis
1035 898 1133 962 quam
1151 898 1244 944 manu
1257 878 1396 944 amntem

205 990 414 1074 quaesiverat
435 990 504 1074 lug.
529 995 612 1076 39η.
634 1011 726 1056 manu
748 989 918 1056 consulere
940 988 1098 1055 militibus
1120 990 1188 1075 lug.
1212 996 1296 1077 98,1.
1327 1010 1396 1055 cer·

204 1106 276 1168 tare
298 1123 391 1167 manu
421 1101 476 1167 Or.
499 1100 582 1168 Oott.
606 1106 634 1168 6.
673 1101 810 1188 injurias
840 1122 916 1167 suas
944 1124 1037 1168 mann
1066 1101 1306 1168 vindicaturum
1327 1101 1395 1187 lug.

205 1219 288 1300 tow
311 1233 375 1278 nnn
390 1235 482 1279 manu
504 1234 609 1298 neque
634 1218 717 1281 si...
738 1234 850 1279 verum
866 1218 1094 1295 quaestionibus
1111 1218 1144 1280 et
1160 1217 1275 1280 indicio
1293 1213 1396 1298 ipsius

205 1325 383 1409 Iugurthae
405 1324 649 1410 (vindicandum
671 1325 727 1412 sit)
748 1326 818 1410 Iup.
843 1330 942 1412 blus.
972 1347 1064 1391 manu
1078 1346 1163 1406 pene
1183 1335 1289 1392 uentre
1309 1325 1397 1391 bona

205 1438 314 1521 patria
334 1435 539 1502 laceraverat
567 1436 636 1504 Cat
661 1443 743 1525 14sp
775 1437 1074 1522 supersubstantiam
1102 1442 1241 1504 mondus
1270 1439 1305 1504 in
1326 1461 1396 1504 mu·

205 1569 278 1614 rum
301 1547 463 1615 attollitur
483 1549 522 1614 fr.
545 1549 569 1615 1.
587 1555 637 1616 74.
667 1555 769 1632 capite
790 1569 913 1635 poenas
934 1548 1059 1616 solvere
1073 1550 1142 1634 lug.
1159 1554 1210 1631 69,
1217 1590 1242 1636 4·
1261 1555 1396 1631 pedibus

206 1660 241 1726 in
264 1660 459 1727 sententiam
480 1660 591 1729 Tiberi
612 1662 751 1729 Neronis
770 1663 894 1728 iturum
915 1683 950 1728 se
973 1661 1102 1728 dixerat
1123 1662 1192 1729 Ost
1214 1668 1298 1749 50‚4.
1353 1702 1354 1707 κ

300 1775 397 1839 Verba
418 1778 452 1839 et
475 1778 558 1841 dicta
584 1774 748 1841 interdum
776 1774 993 1840 instrumenta
1014 1780 1099 1857 sunt,
1131 1773 1251 1860 quibus
1273 1773 1396 1858 cagita-

205 1884 311 1950 tiones
331 1889 461 1952 nostras
484 1887 688 1972 proferimus.
725 1891 884 1971 quantum
906 1907 979 1953 eam
1000 1890 1101 1952 sabis
1114 1891 1252 1971 potuere
1273 1907 1315 1952 ex
1335 1885 1398 1952 tol·

204 1994 273 2062 lere
293 1997 466 2082 praeclara
492 1999 623 2084 ingenia
646 1998 714 2067 Oat
735 2005 764 2081 8,
771 2041 795 2086 4.
828 1996 955 2065 adhoc
983 2003 1175 2065 maledictis
1204 1998 1397 2085 increpabat

206 2109 310 2175 omnis
340 2108 442 2176 bonos
472 2111 540 2176 Cat.
563 2117 646 2197 21‚4.
678 2111 779 2178 ceteri
807 2114 898 2177 serbo
926 2109 1010 2177 alius
1040 2110 1097 2177 alii
1125 2111 1214 2177 varie
1241 2111 1398 2177 assentie-

206 2219 327 2286 bantur
358 2221 427 2288 Oat
450 2228 533 2310 522.
569 2223 742 2290 Lentulum
766 2222 1024 2290 dissimulantem
1055 2228 1239 2307 coarguunt
1265 2228 1397 2308 praeter

205 2332 334 2398 litteras
353 2339 545 2401 sermonibus
565 2335 635 2401 cns.
658 2340 708 2416 47,
717 2378 741 2422 2.
765 2339 904 2404 barbara
925 2341 1033 2418 iinpua
1054 2336 1187 2401 Mauros
1208 2356 1269 2420 pro
1293 2334 1397 2400 Medis

207 2444 410 2530 appellantes
431 2446 500 2531 Ing.
525 2452 574 2529 18,
583 2489 622 2534 10.
654 2468 739 2532 quae
768 2446 992 2533 hujuscemodi
1018 2451 1119 2513 uerbis
1146 2446 1302 2512 disseruit
1328 2448 1396 2531 lug.

208 2561 290 2642 30,4.
314 2556 470 2623 mandata
491 2564 592 2625 serbis
614 2559 672 2626 dat
692 2560 761 2626 (lat.
782 2565 868 2648 iim.
898 2564 997 2625 uerbis
1021 2564 1055 2626 et
1078 2565 1189 2626 vatum
1211 2564 1397 2625 carminibus

206 2689 323 2753 pacem
345 2670 466 2754 optatis
488 2672 593 2755 magis
624 2693 722 2756 quam
751 2670 927 2738 defenditis
949 2671 1003 2737 Or.
1025 2670 1107 2736 Phil.
1131 2679 1159 2738 3.
1183 2675 1283 2737 uerbis
1304 2691 1398 2737 arma

206 2780 410 2866 temptabitis
432 2782 486 2848 Or.
509 2782 590 2848 Phil.
616 2789 664 2848 17.
693 2784 868 2865 exsultare,
898 2788 1045 2868 strepere
1071 2788 1192 2849 uocibus
1221 2783 1290 2867 Ing.
1313 2789 1396 2869 98,6.

205 2892 368 2959 hominem
397 2902 535 2961 secundo
565 2900 704 2961 oratione
733 2895 861 2961 extollit
887 2896 956 2980 Iug.
981 2902 1065 2983 65‚3.
1102 2901 1140 2961 ut
1168 2896 1279 2980 turpia
1309 2894 1398 2960 facta

207 3011 347 3073 oratione
376 3011 492 3092 tegunt
520 3008 588 3092 lug.
618 3013 668 3089 85,
674 3050 716 3095 31.
751 3007 873 3073 Bocchi
902 3009 1045 3074 animam
1081 3013 1220 3075 oratione
1250 3006 1399 3073 accendit

206 3120 276 3203 Ing.
296 3122 382 3206 =81,1.
421 3125 454 3186 et
479 3142 535 3186 eos
566 3141 630 3186 non
657 3120 792 3206 paulum
821 3127 961 3187 motione
988 3143 1047 3186 suo
1075 3121 1200 3187 Marius
1229 3123 1399 3185 arrexerat

206 3232 274 3315 Ing.
298 3237 381 3319 84,4.
404 3253 488 3316 quae
505 3241 595 3314 famo
617 3239 792 3319 acceperat
812 3236 881 3318 lug.
906 3240 972 3320 9,3.

292 3344 331 3409 In
363 3343 582 3412 locutionibus
619 3346 814 3430 quibusdam
856 3344 1094 3412 substantivum
1135 3349 1258 3412 verbum
1302 3344 1397 3411 omis·

208 3480 278 3524 sum
301 3462 364 3523 est:

288 3574 403 3651 paucis
423 3569 591 3636 absolvam
613 3570 681 3636 Oat.
704 3575 733 3652 4,
740 3613 755 3657 3
779 3576 830 3651 38,
837 3613 863 3657 3,
891 3570 931 3636 fr.
953 3570 977 3636 Ι.
1002 3577 1030 3636 2.
1058 3575 1213 3636 disserere
1244 3568 1314 3634 Oat
1336 3576 1398 3653 5‚9.

208 3689 400 3763 respondere
421 3683 489 3768 Iug.
516 3689 598 3769 15‚1.
630 3704 788 3765 exponere
809 3683 877 3766 lug.
902 3687 951 3764 17,
959 3702 983 3769 s.
1014 3688 1119 3749 dicere
1139 3681 1209 3765 lug.
1232 3687 1283 3763 95,
1291 3723 1315 3768 2.
1348 3701 1399 3746 ac-

208 3800 314 3875 cipere
334 3795 402 3878 lng.
428 3800 531 3881 llbffi.

287 3911 505 3987 paucissimis:
527 3912 685 3974 absoluere
705 3907 774 3991 lug.
798 3913 878 3995 1732.
900 3912 1006 3974 dicere
1026 3908 1094 3991 Ing.
1119 3912 1201 3991 17,7.

294 4024 411 4085 multis:
438 4024 594 4086 disserere
614 4020 683 4104 Ing.
709 4026 813 4106 lll,1.
840 4019 892 4086 Or.
915 4019 1016 4086 Maur.
1042 4026 1069 4085 1.

294 4131 515 4197 instrumenta
536 4137 570 4198 et
593 4131 791 4218 adjumenta,
813 4132 932 4217 quibus
951 4131 1076 4217 aliquid
1088 4130 1238 4212 eflicitur,
1261 4133 1399 4209 essunt,

210 4265 294 4328 quae
317 4264 357 4309 ex
380 4243 488 4309 animo
515 4245 671 4328 variaque
693 4245 764 4330 ejus
787 4249 906 4310 natura
927 4249 1078 4310 manant:

294 4378 371 4422 nam
394 4360 509 4421 contra
530 4360 640 4422 tantas
663 4356 874 4422 difficultates
895 4362 1022 4422 consilio
1044 4356 1124 4421 satis
1145 4353 1318 4439 providere
1335 4374 1400 4418 non

208 4474 341 4554 poterat
362 4468 432 4551 Ing.
455 4474 539 4554 90,1.
565 4489 618 4534 res
634 4476 722 4549 sorte
739 4489 838 4552 quam
849 4472 975 4532 consilio
990 4466 1105 4532 melius
1125 4472 1218 4550 gesta
1232 4467 1300 4550 lug.
1318 4470 1400 4549 92⁶.
