3134 5042
637 435 851 497 ...53-

12 632 19 669 ῑ·
119 623 321 706 congessi:
353 629 474 689 bern-isso
507 627 605 696 irottu,
635 639 706 685 uoce
735 625 869 701 supplici
889 620 1056 705 postulare
1083 621 1154 687 Cat
1178 628 1260 709 31,7.
1303 628 1341 689 ut

112 740 222 815 reqio
249 740 338 800 victu
359 742 500 814 nutuque
524 735 668 799 aetatem
690 738 827 817 agerent
847 733 916 798 Cat
940 738 1023 819 323.
1068 742 1155 798 tonte
1176 738 1340 800 mobilitate

114 868 201 911 sese
232 845 406 912 Numidae
428 850 531 929 agunt
551 846 620 929 lug.
637 851 721 932 56,,.
765 851 886 926 optimis
906 850 1040 910 moribus
1062 850 1096 910 et
1116 850 1250 911 munim
1269 867 1339 912 con-

109 963 248 1024 cordio
287 958 355 1042 egit
382 959 522 1043 populus
544 958 710 1024 Romanus
736 956 776 1022 fr.
799 959 823 1022 Ι.
847 964 877 1024 8.
921 977 1020 1038 nequo
1051 961 1084 1021 et
1104 963 1240 1022 modesto
1261 963 1340 1036 jnre

109 1071 309 1154 agitatum
338 1070 378 1135 fr.
400 1070 424 1136 I.
448 1077 477 1137 9.
521 1075 652 1136 monimo
675 1076 808 1136 clamore
831 1090 903 1135 eum
925 1068 1051 1135 infestis
1074 1069 1174 1152 signis
1204 1090 1340 1134 concur·

106 1188 205 1248 runt
234 1183 316 1248 Cat.
340 1188 389 1262 60,
402 1224 426 1268 2.
471 1181 635 1266 utrimque
657 1203 767 1262 moeno
791 1188 925 1247 elamore
948 1181 1152 1247 concurritur
1173 1181 1336 1267 Iug.y53,2.

106 1293 179 1359 ubi
203 1301 286 1373 fide
315 1298 440 1375 publiea
468 1295 576 1359 dicere
601 1294 713 1379 jussus
743 1298 794 1358 est
816 1293 884 1358 Cat.
909 1299 990 1379 47,,.
1036 1292 1091 1376 qui
1114 1292 1250 1358 Romam
1274 1299 1338 1370 ride

103 1411 269 1485 publicu
293 1412 428 1472 venerat
446 1405 515 1489 Ing.
539 1412 589 1486 35,
600 1447 623 1492 7.
668 1415 782 1486 bunio
805 1410 915 1471 studio·
937 1403 1045 1470 aliena
1065 1425 1105 1469 ac
1126 1404 1207 1469 nihil
1227 1403 1305 1489 prof
1325 1439 1338 1450 ·

110 1523 206 1584 tura
234 1571 244 1585 .
267 1569 298 1584 ..
318 1524 435 1602 petunt
455 1519 524 1602 Iug.
550 1523 577 1599 1,
584 1559 609 1606 ὅ.
654 1523 756 1583 studio
777 1523 905 1597 majore·
924 1537 1022 1601 quam
1051 1520 1158 1595 opibus
1181 1566 1208 1582 ..
1231 1521 1338 1581 osten·

111 1630 259 1697 tabant
285 1630 324 1696 fr.
349 1630 389 1696 ss.
413 1635 463 1696 21.
507 1652 559 1697 me
581 1629 625 1696 ad
646 1631 709 1696 hoc
730 1628 852 1695 bellurn
874 1635 994 1709 majore
1013 1634 1115 1694 studio
1146 1646 1245 1712 quam
1267 1648 1337 1694 eon-

116 1747 199 1808 silio
239 1742 430 1827 profectum
460 1743 519 1827 Ep.
543 1742 654 1827 Pomp.
679 1749 708 1807 4.
758 1748 865 1807 eodum
900 1747 983 1806 cuitu
1012 1761 1076 1825 quo
1111 1740 1233 1806 liberos
1261 1759 1337 1805 suos

117 1853 225 1919 domi
260 1854 379 1937 habuit
408 1855 476 1940 lug.
501 1862 563 1940 5‚7.
607 1854 726 1920 multos
763 1875 805 1918 ex
831 1852 986 1918 Romanis
1013 1856 1168 1933 familiari
1202 1856 1337 1917 amicitie

123 1969 371 2054 conjunxerat
384 1969 452 2051 lug.
470 1973 499 2047 7,
511 2007 534 2052 ἵ.
556 1966 700 2051 reliquos
720 1965 847 2049 legatos
869 1971 976 2031 ecdem
998 1969 1049 2030 vio
1073 1984 1247 2048 aggressus
1267 1963 1336 2046 lug.

126 2086 184 2161 16,
194 2121 222 2167 4.
260 2080 338 2146 dum
360 2081 496 2146 inferior
518 2085 599 2144 omni
620 2084 670 2144 uio
693 2082 900 2162 grassaretur
921 2076 1038 2142 fnlnc.
1051 2082 1101 2142 96.
1130 2082 1214 2141 cultu
1238 2096 1336 2159 quam

12 2226 15 2261 ;
126 2195 287 2259 maxime
310 2197 477 2259 miserabili
502 2194 639 2257 Romam
660 2190 749 2256 venit
769 2190 838 2274 Ing.
862 2195 945 2276 33,1.
983 2188 1100 2255 aberat
1120 2209 1213 2254 mons
1234 2186 1336 2253 ferme

17 2318 20 2375 ζ
129 2306 245 2371 millia
268 2305 383 2410 viginti
406 2315 508 2370 tractu
524 2308 601 2385 puri
621 2304 689 2386 lug.
703 2309 788 2389 48‚3.
814 2307 994 2382 rnupnispue
1016 2303 1243 2365 itineribus...
1261 2321 1336 2384 per·

14 2474 15 2477 ,
132 2419 231 2483 venit
256 2418 300 2483 ad
322 2417 478 2502 oppidum
500 2415 625 2482 Suthul.
646 2416 714 2498 lug.
733 2420 816 2501 37‚3.
839 2419 959 2495 moenis
980 2416 1141 2478 itineribus
1233 2410 1336 2497 abdu-

12 2608 13 2616 .
134 2529 183 2594 cit
208 2531 282 2596 Cat.
307 2537 390 2617 57,,.
420 2532 582 2594 itineribus
605 2549 704 2611 quam
725 2533 867 2593 murrinis
962 2524 1130 2592 contendit
1152 2524 1191 2590 fr.
1206 2524 1261 2590 IV.
1284 2530 1334 2589 51.

17 2686 18 2691 κ
136 2652 325 2727 praeterea
348 2650 535 2711 transuersis
556 2648 718 2710 itineribus
739 2642 859 2709 cotidie
882 2646 992 2708 castra
1009 2662 1139 2707 movere
1159 2639 1228 2722 lug.
1244 2643 1334 2722 45,2.

9 2775 12 2782 '
133 2780 242 2841 quern
263 2769 441 2825 transvorso
464 2764 576 2824 itinere
597 2764 784 2843 porrectum
806 2756 975 2824 docuimus
996 2759 1064 2843 lug:
1088 2765 1171 2845 49η.
1207 2780 1333 2840 monnu-

136 2893 197 2951 que
217 2878 404 2954 frequentin
437 2872 506 2956 ejus
537 2871 661 2936 ordinis
683 2871 886 2937 Volturcium
917 2893 990 2937 cum
1018 2871 1135 2954 legatis
1156 2870 1335 2936 introducit

9 3016 20 3055 is:
136 2985 208 3051 Cat.
235 2991 286 3065 46,
300 3026 324 3071 5.
360 2986 463 3051 nostri
489 2990 589 3066 foede
613 2992 697 3067 fugio
797 2985 912 3050 collem
932 3006 1133 3068 occupavere
1154 2985 1222 3067 Ing.
1247 2991 1332 3069 38,7.

138 3097 175 3161 in
197 3096 389 3162 Numidiam
414 3096 632 3181 proficiscitur
661 3118 775 3178 rucene
796 3118 852 3178 spe
875 3097 992 3163 civium
1027 3097 1096 3181 Ing.
1118 3103 1202 3185 43,5.
1246 3109 1334 3164 tonte

10 3274 16 3281 .,
138 3215 347 3291 temperantia
369 3211 454 3275 inter
469 3208 678 3275 ambitionem
695 3208 929 3293 saevitiamque
943 3208 1148 3275 moderatum
1169 3211 1332 3295 Ing.45‚1.

11 3386 14 3412 Σ
138 3327 259 3387 munito
288 3328 409 3403 nemine
436 3322 588 3388 incedere
627 3320 695 3403 lug.
718 3327 769 3400 46,
779 3363 804 3406 6.
849 3327 1002 3400 quadrato
1032 3326 1154 3402 equine
1181 3322 1332 3387 incedere

14 3481 16 3485 ,
139 3432 211 3517 lug.
239 3440 342 3519 100‚1.
388 3433 556 3500 socordius
577 3433 697 3499 milites
719 3433 768 3498 ire
791 3454 948 3518 occepere
970 3454 1034 3498 non
1057 3440 1138 3514 aptis
1162 3440 1257 3500 ornis

9 3610 12 3614 .
140 3551 266 3612 laxiore
294 3553 415 3628 equine
443 3546 482 3610 fr.
505 3547 561 3611 ΙΠ.
584 3551 632 3611 71.
677 3555 761 3612 tanto
792 3551 914 3628 nemine
945 3551 1044 3632 atque
1073 3554 1182 3614 animis
1210 3547 1333 3612 incedit

9 3702 12 3709 ›
141 3656 196 3723 Or.
222 3659 299 3742 Lep.
325 3665 375 3724 24.
416 3666 514 3740 effuso
545 3665 685 3726 exercitu
712 3659 867 3744 praedari
888 3660 956 3744 lug.
983 3666 1064 3746 55,4.
1104 3660 1253 3744 superior
1275 3665 1332 3725 aut

142 3791 245 3850 aequo
261 3793 353 3837 nonu
379 3771 545 3837 discedere
568 3771 637 3838 cat.
661 3778 711 3852 39,
718 3813 741 3858 4.
786 3779 904 3838 minore
934 3777 1113 3838 detrimento
1144 3772 1218 3837 illos
1247 3772 1332 3837 vinci

141 3881 211 3966 lug.
234 3890 313 3969 54‚5.
347 3906 460 3965 moeno
492 3906 565 3950 uoce
593 3885 760 3951 Siocenses
788 3886 939 3950 hortatur
965 3884 1034 3967 Ing.
1059 3890 1142 3970 bap
1181 3884 1220 3949 cf.
1242 3884 1282 3948 fr.
1305 3885 1329 3949 l.

142 3999 195 4058 42.
219 4001 268 4061 56.
298 4001 438 4061 advorsis
461 4001 548 4077 equis
570 4017 763 4062 concurrere
784 3997 853 4079 Ing.
877 4002 959 4081 59,3.
989 3997 1157 4061 turmatim
1179 4001 1212 4061 et
1232 4017 1330 4080 quam

143 4108 282 4172 maxime
304 4114 452 4189 confertis
475 4113 561 4188 equis
581 4108 652 4192 ipse
675 4107 796 4190 aliique
814 4108 946 4173 Mauros
965 4107 1122 4173 invadunt
1141 4109 1329 4193 lug.101‚4.

143 4223 354 4285 honestissime
388 4226 615 4301 suffrenatione
645 4218 833 4285 consulatus
869 4219 1044 4304 petebatur
1071 4220 1140 4304 Ing.
1163 4227 1245 4307 65‚5.
1291 4242 1329 4286 eo

141 4338 261 4411 majore
283 4353 361 4397 curu
378 4332 468 4397 illam
487 4331 709 4398 administrari
729 4353 827 4416 quam
840 4332 923 4398 haec
936 4332 1005 4416 peti
1020 4331 1139 4398 debere
1161 4334 1230 4418 lug.
1241 4340 1292 4414 85,
1303 4364 1334 4419 2.

140 4439 172 4506 si
194 4444 325 4527 quidem
350 4451 469 4524 majore
491 4467 569 4510 curo
591 4444 844 4511 dominationem
865 4445 913 4510 illi
935 4446 1129 4512 retinuerint
1150 4445 1204 4511 Or.
1227 4445 1327 4510 Macr.

140 4555 194 4622 28.
239 4555 393 4640 oppidum
416 4557 552 4622 Thalam
574 4579 688 4639 noenu
707 4564 811 4639 picria
833 4563 966 4642 ceperat
992 4557 1061 4641 lug.
1084 4565 1135 4639 89,
1146 4600 1171 4643 6.
1214 4578 1328 4639 noenu
