<?xml version="1.0" encoding="UTF-8"?>
<!DOCTYPE html PUBLIC "-//W3C//DTD XHTML 1.0 Transitional//EN"
    "http://www.w3.org/TR/xhtml1/DTD/xhtml1-transitional.dtd">
<html xmlns="http://www.w3.org/1999/xhtml" xml:lang="en" lang="en">
 <head>
  <title>
</title>
<meta http-equiv="Content-Type" content="text/html;charset=utf-8" />
  <meta name='ocr-system' content='tesseract 3.04.00' />
  <meta name='ocr-capabilities' content='ocr_page ocr_carea ocr_par ocr_line ocrx_word'/>
</head>
<body>
  <div class='ocr_page' id='page_1' title='image "./deablativosallu01chrigoog_0072.png"; bbox 0 0 3134 5042; ppageno 0'>
   <div class='ocr_carea' id='block_1_1' title="bbox 726 340 940 401">
    <p class='ocr_par' dir='ltr' id='par_1_1' title="bbox 726 340 940 401">
     <span class='ocr_line' id='line_1_1' title="bbox 726 340 940 401; baseline -0.005 -17"><span class='ocrx_word' id='word_1_1' title='bbox 726 340 940 401; x_wconf 75' lang='grc'><strong>..68-</strong></span> 
     </span>
    </p>
   </div>
   <div class='ocr_carea' id='block_1_2' title="bbox 159 524 1440 4537">
    <p class='ocr_par' dir='ltr' id='par_1_2' title="bbox 328 524 943 608">
     <span class='ocr_line' id='line_1_2' title="bbox 328 524 943 608; baseline -0.005 -18"><span class='ocrx_word' id='word_1_2' title='bbox 328 530 367 591; x_wconf 84' lang='lat' dir='ltr'><strong>ab</strong></span> <span class='ocrx_word' id='word_1_3' title='bbox 390 535 477 606; x_wconf 77' lang='lat' dir='ltr'><strong>terpo</strong></span> <span class='ocrx_word' id='word_1_4' title='bbox 499 529 557 590; x_wconf 88' lang='lat' dir='ltr'><strong>aut</strong></span> <span class='ocrx_word' id='word_1_5' title='bbox 577 528 746 589; x_wconf 79' lang='lat' dir='ltr'><strong>lateribus:</strong></span> <span class='ocrx_word' id='word_1_6' title='bbox 768 524 836 607; x_wconf 78' lang='lat' dir='ltr'><strong>lug.</strong></span> <span class='ocrx_word' id='word_1_7' title='bbox 861 529 943 608; x_wconf 69' lang='grc'><strong>50,6.</strong></span> 
     </span>
    </p>

    <p class='ocr_par' dir='ltr' id='par_1_3' title="bbox 329 635 1264 722">
     <span class='ocr_line' id='line_1_3' title="bbox 329 635 1264 722; baseline -0.003 -20"><span class='ocrx_word' id='word_1_8' title='bbox 329 642 367 703; x_wconf 83' lang='lat' dir='ltr'><strong>ab</strong></span> <span class='ocrx_word' id='word_1_9' title='bbox 389 649 495 719; x_wconf 79' lang='lat' dir='ltr'><strong>terpo:</strong></span> <span class='ocrx_word' id='word_1_10' title='bbox 516 635 585 720; x_wconf 80' lang='lat' dir='ltr'><strong>lug.</strong></span> <span class='ocrx_word' id='word_1_11' title='bbox 612 642 695 721; x_wconf 52' lang='lat'><strong>5804.</strong></span> <span class='ocrx_word' id='word_1_12' title='bbox 719 641 769 715; x_wconf 86' lang='grc'><strong>94,</strong></span> <span class='ocrx_word' id='word_1_13' title='bbox 778 676 803 721; x_wconf 70' lang='lat'><strong>5.</strong></span> <span class='ocrx_word' id='word_1_14' title='bbox 827 640 909 722; x_wconf 67' lang='lat'><strong>97‚5.</strong></span> <span class='ocrx_word' id='word_1_15' title='bbox 937 641 1041 721; x_wconf 74' lang='lat'><strong>101,3.</strong></span> <span class='ocrx_word' id='word_1_16' title='bbox 1064 636 1102 700; x_wconf 88' lang='lat' dir='ltr'><strong>fr.</strong></span> <span class='ocrx_word' id='word_1_17' title='bbox 1125 637 1189 700; x_wconf 93' lang='lat' dir='ltr'><strong>lnc.</strong></span> <span class='ocrx_word' id='word_1_18' title='bbox 1213 640 1264 700; x_wconf 81' lang='grc'><strong>64.</strong></span> 
     </span>
    </p>

    <p class='ocr_par' dir='ltr' id='par_1_4' title="bbox 328 748 1206 833">
     <span class='ocr_line' id='line_1_4' title="bbox 328 748 1206 833; baseline -0.006 -17"><span class='ocrx_word' id='word_1_19' title='bbox 328 755 366 816; x_wconf 77' lang='grc' dir='ltr'><strong>αἱ)</strong></span> <span class='ocrx_word' id='word_1_20' title='bbox 389 755 563 817; x_wconf 79' lang='lat' dir='ltr'><strong>occidente:</strong></span> <span class='ocrx_word' id='word_1_21' title='bbox 582 749 650 833; x_wconf 78' lang='lat' dir='ltr'><strong>lug.</strong></span> <span class='ocrx_word' id='word_1_22' title='bbox 676 753 758 833; x_wconf 70' lang='lat'><strong>17‚4.</strong></span> <span class='ocrx_word' id='word_1_23' title='bbox 781 752 821 813; x_wconf 82' lang='lat' dir='ltr'><strong>cb</strong></span> <span class='ocrx_word' id='word_1_24' title='bbox 843 753 1008 813; x_wconf 75' lang='lat' dir='ltr'><strong>artasatis</strong></span> <span class='ocrx_word' id='word_1_25' title='bbox 1030 748 1099 830; x_wconf 81' lang='lat' dir='ltr'><strong>Ing.</strong></span> <span class='ocrx_word' id='word_1_26' title='bbox 1126 753 1206 832; x_wconf 80' lang='lat'><strong>17‚4.</strong></span> 
     </span>
    </p>

    <p class='ocr_par' dir='ltr' id='par_1_5' title="bbox 328 862 713 947">
     <span class='ocr_line' id='line_1_5' title="bbox 328 862 713 947; baseline -0.013 -18"><span class='ocrx_word' id='word_1_27' title='bbox 328 885 348 929; x_wconf 85' lang='grc' dir='ltr'><em>α</em></span> <span class='ocrx_word' id='word_1_28' title='bbox 370 867 517 929; x_wconf 81' lang='lat' dir='ltr'><strong>meridie.-</strong></span> <span class='ocrx_word' id='word_1_29' title='bbox 539 862 607 945; x_wconf 82' lang='lat' dir='ltr'><strong>lug.</strong></span> <span class='ocrx_word' id='word_1_30' title='bbox 629 867 681 941; x_wconf 88' lang='grc'><strong>48,</strong></span> <span class='ocrx_word' id='word_1_31' title='bbox 688 902 713 947; x_wconf 64' lang='lat'><strong>3.</strong></span> 
     </span>
    </p>

    <p class='ocr_par' dir='ltr' id='par_1_6' title="bbox 328 974 856 1058">
     <span class='ocr_line' id='line_1_6' title="bbox 328 974 856 1058; baseline -0.009 -17"><span class='ocrx_word' id='word_1_32' title='bbox 328 980 367 1041; x_wconf 83' lang='lat' dir='ltr'><strong>ab</strong></span> <span class='ocrx_word' id='word_1_33' title='bbox 390 996 427 1040; x_wconf 86' lang='lat' dir='ltr'><strong>eo</strong></span> <span class='ocrx_word' id='word_1_34' title='bbox 443 984 557 1054; x_wconf 77' lang='lat' dir='ltr'><strong>parte:</strong></span> <span class='ocrx_word' id='word_1_35' title='bbox 579 974 647 1057; x_wconf 83' lang='lat' dir='ltr'><strong>lug.</strong></span> <span class='ocrx_word' id='word_1_36' title='bbox 671 978 751 1058; x_wconf 61' lang='grc'><strong>93,6.</strong></span> <span class='ocrx_word' id='word_1_37' title='bbox 773 978 856 1057; x_wconf 65' lang='grc'><strong>94,3.</strong></span> 
     </span>
    </p>

    <p class='ocr_par' dir='ltr' id='par_1_7' title="bbox 328 1084 906 1171">
     <span class='ocr_line' id='line_1_7' title="bbox 328 1084 906 1171; baseline -0.01 -17"><span class='ocrx_word' id='word_1_38' title='bbox 328 1093 408 1154; x_wconf 71' lang='lat' dir='ltr'><strong>alim</strong></span> <span class='ocrx_word' id='word_1_39' title='bbox 431 1090 469 1151; x_wconf 83' lang='lat' dir='ltr'><strong>ab</strong></span> <span class='ocrx_word' id='word_1_40' title='bbox 491 1091 555 1151; x_wconf 83' lang='lat' dir='ltr'><strong>clia</strong></span> <span class='ocrx_word' id='word_1_41' title='bbox 571 1096 686 1166; x_wconf 81' lang='lat' dir='ltr'><strong>porte:</strong></span> <span class='ocrx_word' id='word_1_42' title='bbox 707 1084 776 1168; x_wconf 78' lang='lat' dir='ltr'><strong>Ing.</strong></span> <span class='ocrx_word' id='word_1_43' title='bbox 802 1089 906 1171; x_wconf 68' lang='lat'><strong>101‚2.</strong></span> 
     </span>
    </p>

    <p class='ocr_par' dir='ltr' id='par_1_8' title="bbox 328 1198 904 1282">
     <span class='ocr_line' id='line_1_8' title="bbox 328 1198 904 1282; baseline -0.005 -17"><span class='ocrx_word' id='word_1_44' title='bbox 328 1204 367 1265; x_wconf 83' lang='lat' dir='ltr'><strong>ab</strong></span> <span class='ocrx_word' id='word_1_45' title='bbox 390 1204 525 1263; x_wconf 78' lang='lat' dir='ltr'><strong>omuibus</strong></span> <span class='ocrx_word' id='word_1_46' title='bbox 543 1201 704 1278; x_wconf 81' lang='lat' dir='ltr'><strong>partibas:</strong></span> <span class='ocrx_word' id='word_1_47' title='bbox 729 1198 797 1280; x_wconf 82' lang='lat' dir='ltr'><strong>lug.</strong></span> <span class='ocrx_word' id='word_1_48' title='bbox 821 1202 904 1282; x_wconf 56' lang='lat'><strong>97³⁶·</strong></span> 
     </span>
    </p>

    <p class='ocr_par' dir='ltr' id='par_1_9' title="bbox 242 1308 1438 1936">
     <span class='ocr_line' id='line_1_9' title="bbox 328 1308 1431 1394; baseline -0.005 -18"><span class='ocrx_word' id='word_1_49' title='bbox 328 1313 460 1376; x_wconf 79' lang='lat' dir='ltr'><strong>Exitum</strong></span> <span class='ocrx_word' id='word_1_50' title='bbox 482 1310 555 1389; x_wconf 85' lang='lat' dir='ltr'><strong>loci,</strong></span> <span class='ocrx_word' id='word_1_51' title='bbox 578 1330 673 1394; x_wconf 89' lang='lat' dir='ltr'><strong>quem</strong></span> <span class='ocrx_word' id='word_1_52' title='bbox 696 1309 808 1392; x_wconf 90' lang='lat' dir='ltr'><strong>aliqua</strong></span> <span class='ocrx_word' id='word_1_53' title='bbox 831 1329 883 1373; x_wconf 92' lang='lat' dir='ltr'><strong>res</strong></span> <span class='ocrx_word' id='word_1_54' title='bbox 905 1311 1008 1392; x_wconf 79' lang='lat' dir='ltr'><strong>capit,</strong></span> <span class='ocrx_word' id='word_1_55' title='bbox 1039 1308 1201 1392; x_wconf 83' lang='lat' dir='ltr'><strong>significat</strong></span> <span class='ocrx_word' id='word_1_56' title='bbox 1224 1332 1244 1374; x_wconf 89' lang='lat' dir='ltr'><strong>o</strong></span> <span class='ocrx_word' id='word_1_57' title='bbox 1266 1310 1335 1373; x_wconf 88' lang='lat' dir='ltr'><strong>Cat.</strong></span> <span class='ocrx_word' id='word_1_58' title='bbox 1358 1313 1431 1391; x_wconf 69' lang='lat'><strong>36,4.</strong></span> 
     </span>
     <span class='ocr_line' id='line_1_10' title="bbox 243 1421 1434 1504; baseline -0.005 -16"><span class='ocrx_word' id='word_1_59' title='bbox 243 1424 391 1489; x_wconf 89' lang='lat' dir='ltr'><strong>cuicum</strong></span> <span class='ocrx_word' id='word_1_60' title='bbox 423 1422 465 1487; x_wconf 89' lang='lat' dir='ltr'><strong>ad</strong></span> <span class='ocrx_word' id='word_1_61' title='bbox 495 1443 645 1487; x_wconf 87' lang='lat' dir='ltr'><strong>occasum</strong></span> <span class='ocrx_word' id='word_1_62' title='bbox 676 1426 714 1487; x_wconf 86' lang='lat' dir='ltr'><strong>ob</strong></span> <span class='ocrx_word' id='word_1_63' title='bbox 744 1433 814 1486; x_wconf 76' lang='lat' dir='ltr'><strong>orla</strong></span> <span class='ocrx_word' id='word_1_64' title='bbox 845 1426 919 1486; x_wconf 82' lang='lat' dir='ltr'><strong>solis</strong></span> <span class='ocrx_word' id='word_1_65' title='bbox 942 1423 1050 1486; x_wconf 89' lang='lat' dir='ltr'><strong>omnia</strong></span> <span class='ocrx_word' id='word_1_66' title='bbox 1075 1421 1199 1487; x_wconf 86' lang='lat' dir='ltr'><strong>domita</strong></span> <span class='ocrx_word' id='word_1_67' title='bbox 1220 1422 1319 1486; x_wconf 89' lang='lat' dir='ltr'><strong>armis</strong></span> <span class='ocrx_word' id='word_1_68' title='bbox 1340 1442 1434 1504; x_wconf 85' lang='lat' dir='ltr'><strong>pare-</strong></span> 
     </span>
     <span class='ocr_line' id='line_1_11' title="bbox 242 1532 1435 1617; baseline -0.004 -17"><span class='ocrx_word' id='word_1_69' title='bbox 242 1539 324 1600; x_wconf 87' lang='lat' dir='ltr'><strong>rent.</strong></span> <span class='ocrx_word' id='word_1_70' title='bbox 367 1534 405 1600; x_wconf 83' lang='lat' dir='ltr'><strong>fr.</strong></span> <span class='ocrx_word' id='word_1_71' title='bbox 434 1535 474 1599; x_wconf 92' lang='lat' dir='ltr'><strong>II.</strong></span> <span class='ocrx_word' id='word_1_72' title='bbox 505 1539 555 1600; x_wconf 84' lang='lat'><strong>68.</strong></span> <span class='ocrx_word' id='word_1_73' title='bbox 583 1555 712 1599; x_wconf 89' lang='lat' dir='ltr'><strong>murum</strong></span> <span class='ocrx_word' id='word_1_74' title='bbox 740 1538 778 1598; x_wconf 84' lang='lat' dir='ltr'><strong>cb</strong></span> <span class='ocrx_word' id='word_1_75' title='bbox 804 1540 919 1614; x_wconf 70' lang='lat' dir='ltr'><strong>arpalo</strong></span> <span class='ocrx_word' id='word_1_76' title='bbox 948 1532 1055 1598; x_wconf 79' lang='lat' dir='ltr'><strong>dextri</strong></span> <span class='ocrx_word' id='word_1_77' title='bbox 1083 1533 1196 1598; x_wconf 92' lang='lat' dir='ltr'><strong>lateris</strong></span> <span class='ocrx_word' id='word_1_78' title='bbox 1218 1533 1261 1597; x_wconf 89' lang='lat' dir='ltr'><strong>ad</strong></span> <span class='ocrx_word' id='word_1_79' title='bbox 1283 1532 1435 1617; x_wconf 83' lang='lat' dir='ltr'>paludem</span> 
     </span>
     <span class='ocr_line' id='line_1_12' title="bbox 242 1645 1436 1731; baseline -0.003 -20"><span class='ocrx_word' id='word_1_80' title='bbox 242 1647 332 1712; x_wconf 91' lang='lat' dir='ltr'><strong>haud</strong></span> <span class='ocrx_word' id='word_1_81' title='bbox 362 1645 477 1731; x_wconf 87' lang='lat' dir='ltr'><strong>procul</strong></span> <span class='ocrx_word' id='word_1_82' title='bbox 506 1651 665 1712; x_wconf 87' lang='lat' dir='ltr'><strong>remotam</strong></span> <span class='ocrx_word' id='word_1_83' title='bbox 694 1645 796 1710; x_wconf 88' lang='lat' dir='ltr'><strong>duxit.</strong></span> <span class='ocrx_word' id='word_1_84' title='bbox 846 1646 946 1723; x_wconf 81' lang='lat' dir='ltr'><strong>Quasi</strong></span> <span class='ocrx_word' id='word_1_85' title='bbox 975 1645 1121 1710; x_wconf 85' lang='lat' dir='ltr'><strong>adverbii</strong></span> <span class='ocrx_word' id='word_1_86' title='bbox 1142 1645 1214 1710; x_wconf 88' lang='lat' dir='ltr'><strong>loco</strong></span> <span class='ocrx_word' id='word_1_87' title='bbox 1243 1645 1376 1729; x_wconf 86' lang='lat' dir='ltr'><strong>ponitur</strong></span> <span class='ocrx_word' id='word_1_88' title='bbox 1398 1649 1436 1708; x_wconf 78' lang='lat' dir='ltr'><strong>ab</strong></span> 
     </span>
     <span class='ocr_line' id='line_1_13' title="bbox 243 1756 1438 1845; baseline -0.003 -22"><span class='ocrx_word' id='word_1_89' title='bbox 243 1764 341 1839; x_wconf 78' lang='lat' dir='ltr'><strong>stirpe</strong></span> <span class='ocrx_word' id='word_1_90' title='bbox 370 1758 545 1845; x_wconf 72' lang='lat' dir='ltr'><strong>Cat.10,1.</strong></span> <span class='ocrx_word' id='word_1_91' title='bbox 573 1758 747 1842; x_wconf 80' lang='lat' dir='ltr'><strong>Carthago,</strong></span> <span class='ocrx_word' id='word_1_92' title='bbox 777 1758 906 1823; x_wconf 89' lang='lat' dir='ltr'><strong>aemula</strong></span> <span class='ocrx_word' id='word_1_93' title='bbox 934 1758 1050 1842; x_wconf 88' lang='lat' dir='ltr'><strong>imperi</strong></span> <span class='ocrx_word' id='word_1_94' title='bbox 1082 1758 1228 1836; x_wconf 87' lang='lat' dir='ltr'><strong>Romani,</strong></span> <span class='ocrx_word' id='word_1_95' title='bbox 1263 1756 1304 1821; x_wconf 92' lang='lat' dir='ltr'><strong>ab</strong></span> <span class='ocrx_word' id='word_1_96' title='bbox 1334 1757 1438 1840; x_wconf 82' lang='lat' dir='ltr'><strong>stirpe</strong></span> 
     </span>
     <span class='ocr_line' id='line_1_14' title="bbox 243 1871 375 1936; baseline 0 -1"><span class='ocrx_word' id='word_1_97' title='bbox 243 1871 375 1936; x_wconf 88' lang='lat' dir='ltr'><strong>interiit.</strong></span> 
     </span>
    </p>

    <p class='ocr_par' dir='ltr' id='par_1_10' title="bbox 246 1981 1440 2284">
     <span class='ocr_line' id='line_1_15' title="bbox 331 1981 1439 2067; baseline -0.004 -20"><span class='ocrx_word' id='word_1_98' title='bbox 331 1982 411 2047; x_wconf 85' lang='lat' dir='ltr'><strong>Oum</strong></span> <span class='ocrx_word' id='word_1_99' title='bbox 434 1981 533 2048; x_wconf 84' lang='lat' dir='ltr'><strong>verbo</strong></span> <span class='ocrx_word' id='word_1_100' title='bbox 557 1987 679 2048; x_wconf 85' lang='lat' dir='ltr'><strong>obstare</strong></span> <span class='ocrx_word' id='word_1_101' title='bbox 702 1983 877 2067; x_wconf 86' lang='lat' dir='ltr'><strong>conjuncta</strong></span> <span class='ocrx_word' id='word_1_102' title='bbox 897 1981 1022 2046; x_wconf 84' lang='lat' dir='ltr'><strong>indicat</strong></span> <span class='ocrx_word' id='word_1_103' title='bbox 1042 1982 1241 2066; x_wconf 83' lang='lat' dir='ltr'><strong>praepositio</strong></span> <span class='ocrx_word' id='word_1_104' title='bbox 1264 2003 1283 2045; x_wconf 87' lang='lat' dir='ltr'><strong>a</strong></span> <span class='ocrx_word' id='word_1_105' title='bbox 1307 2002 1375 2045; x_wconf 85' lang='lat' dir='ltr'><strong>rem</strong></span> <span class='ocrx_word' id='word_1_106' title='bbox 1397 2002 1439 2044; x_wconf 87' lang='lat' dir='ltr'><strong>ex</strong></span> 
     </span>
     <span class='ocr_line' id='line_1_16' title="bbox 248 2094 1440 2180; baseline -0.002 -21"><span class='ocrx_word' id='word_1_107' title='bbox 248 2095 384 2160; x_wconf 85' lang='lat' dir='ltr'><strong>adverso</strong></span> <span class='ocrx_word' id='word_1_108' title='bbox 407 2095 564 2179; x_wconf 83' lang='lat' dir='ltr'><strong>positam,</strong></span> <span class='ocrx_word' id='word_1_109' title='bbox 585 2095 685 2160; x_wconf 85' lang='lat' dir='ltr'><strong>veluti</strong></span> <span class='ocrx_word' id='word_1_110' title='bbox 707 2094 774 2161; x_wconf 82' lang='lat' dir='ltr'><strong>Cat.</strong></span> <span class='ocrx_word' id='word_1_111' title='bbox 798 2100 883 2180; x_wconf 70' lang='grc'><strong>58,6.</strong></span> <span class='ocrx_word' id='word_1_112' title='bbox 910 2094 1071 2159; x_wconf 86' lang='lat' dir='ltr'><strong>exercitus</strong></span> <span class='ocrx_word' id='word_1_113' title='bbox 1093 2094 1235 2159; x_wconf 88' lang='lat' dir='ltr'><strong>hostiurn</strong></span> <span class='ocrx_word' id='word_1_114' title='bbox 1258 2094 1332 2174; x_wconf 79' lang='lat' dir='ltr'><strong>duo,</strong></span> <span class='ocrx_word' id='word_1_115' title='bbox 1354 2114 1440 2157; x_wconf 89' lang='lat' dir='ltr'><strong>unus</strong></span> 
     </span>
     <span class='ocr_line' id='line_1_17' title="bbox 246 2206 834 2284; baseline 0.003 -11"><span class='ocrx_word' id='word_1_116' title='bbox 246 2212 284 2273; x_wconf 85' lang='lat' dir='ltr'><strong>ab</strong></span> <span class='ocrx_word' id='word_1_117' title='bbox 308 2212 395 2284; x_wconf 80' lang='lat' dir='ltr'><strong>urbe,</strong></span> <span class='ocrx_word' id='word_1_118' title='bbox 419 2207 503 2272; x_wconf 91' lang='lat' dir='ltr'><strong>alter</strong></span> <span class='ocrx_word' id='word_1_119' title='bbox 525 2229 546 2272; x_wconf 87' lang='lat' dir='ltr'><strong>c</strong></span> <span class='ocrx_word' id='word_1_120' title='bbox 570 2211 670 2272; x_wconf 80' lang='lat' dir='ltr'><strong>Gallio</strong></span> <span class='ocrx_word' id='word_1_121' title='bbox 691 2206 834 2275; x_wconf 85' lang='lat' dir='ltr'><strong>obstant.</strong></span> 
     </span>
    </p>

    <p class='ocr_par' dir='ltr' id='par_1_11' title="bbox 243 2319 1438 2852">
     <span class='ocr_line' id='line_1_18' title="bbox 332 2319 1438 2402; baseline -0.003 -17"><span class='ocrx_word' id='word_1_122' title='bbox 332 2319 441 2385; x_wconf 86' lang='lat' dir='ltr'><strong>Verba</strong></span> <span class='ocrx_word' id='word_1_123' title='bbox 474 2331 628 2395; x_wconf 74' lang='lat' dir='ltr'><strong>metam,</strong></span> <span class='ocrx_word' id='word_1_124' title='bbox 667 2324 773 2384; x_wconf 79' lang='lat' dir='ltr'><strong>timere</strong></span> <span class='ocrx_word' id='word_1_125' title='bbox 811 2339 920 2383; x_wconf 86' lang='lat' dir='ltr'><strong>secum</strong></span> <span class='ocrx_word' id='word_1_126' title='bbox 953 2319 1076 2384; x_wconf 88' lang='lat' dir='ltr'><strong>habent</strong></span> <span class='ocrx_word' id='word_1_127' title='bbox 1112 2319 1386 2402; x_wconf 88' lang='lat' dir='ltr'><strong>praepositionem</strong></span> <span class='ocrx_word' id='word_1_128' title='bbox 1418 2340 1438 2382; x_wconf 87' lang='lat' dir='ltr'><strong>a</strong></span> 
     </span>
     <span class='ocr_line' id='line_1_19' title="bbox 243 2423 1438 2515; baseline -0.001 -21"><span class='ocrx_word' id='word_1_129' title='bbox 243 2423 435 2515; x_wconf 85' lang='lat' dir='ltr'><strong>propterea,</strong></span> <span class='ocrx_word' id='word_1_130' title='bbox 467 2431 621 2515; x_wconf 89' lang='lat' dir='ltr'><strong>quodid,</strong></span> <span class='ocrx_word' id='word_1_131' title='bbox 656 2431 744 2514; x_wconf 91' lang='lat' dir='ltr'><strong>qnod</strong></span> <span class='ocrx_word' id='word_1_132' title='bbox 771 2432 906 2497; x_wconf 86' lang='lat' dir='ltr'><strong>timetur</strong></span> <span class='ocrx_word' id='word_1_133' title='bbox 936 2431 978 2495; x_wconf 90' lang='lat' dir='ltr'><strong>ab</strong></span> <span class='ocrx_word' id='word_1_134' title='bbox 1008 2431 1146 2515; x_wconf 86' lang='lat' dir='ltr'><strong>alicujus</strong></span> <span class='ocrx_word' id='word_1_135' title='bbox 1175 2437 1270 2515; x_wconf 84' lang='lat' dir='ltr'><strong>parte</strong></span> <span class='ocrx_word' id='word_1_136' title='bbox 1299 2431 1438 2495; x_wconf 84' lang='lat' dir='ltr'><strong>existere</strong></span> 
     </span>
     <span class='ocr_line' id='line_1_20' title="bbox 244 2543 1436 2628; baseline -0.002 -21"><span class='ocrx_word' id='word_1_137' title='bbox 244 2548 381 2627; x_wconf 88' lang='lat' dir='ltr'><strong>putatur</strong></span> <span class='ocrx_word' id='word_1_138' title='bbox 405 2543 444 2609; x_wconf 89' lang='lat' dir='ltr'><strong>of.</strong></span> <span class='ocrx_word' id='word_1_139' title='bbox 468 2545 535 2627; x_wconf 85' lang='lat' dir='ltr'><strong>lug.</strong></span> <span class='ocrx_word' id='word_1_140' title='bbox 560 2549 578 2608; x_wconf 84' lang='lat'>7</span> <span class='ocrx_word' id='word_1_141' title='bbox 582 2549 643 2628; x_wconf 67' lang='grc'><strong>6,6.</strong></span> <span class='ocrx_word' id='word_1_142' title='bbox 668 2543 861 2626; x_wconf 76' lang='lat' dir='ltr'><strong>quasivicti</strong></span> <span class='ocrx_word' id='word_1_143' title='bbox 883 2547 920 2608; x_wconf 85' lang='lat' dir='ltr'><strong>ob</strong></span> <span class='ocrx_word' id='word_1_144' title='bbox 943 2548 1080 2608; x_wconf 79' lang='lat' dir='ltr'><strong>hostibus</strong></span> <span class='ocrx_word' id='word_1_145' title='bbox 1101 2565 1223 2626; x_wconf 88' lang='lat' dir='ltr'><strong>poenas</strong></span> <span class='ocrx_word' id='word_1_146' title='bbox 1245 2547 1436 2608; x_wconf 88' lang='lat' dir='ltr'><strong>metuerant.</strong></span> 
     </span>
     <span class='ocr_line' id='line_1_21' title="bbox 244 2654 1436 2742; baseline -0.002 -23"><span class='ocrx_word' id='word_1_147' title='bbox 244 2655 311 2738; x_wconf 83' lang='lat' dir='ltr'><strong>lug.</strong></span> <span class='ocrx_word' id='word_1_148' title='bbox 335 2660 419 2742; x_wconf 73' lang='lat'><strong>88‚5.</strong></span> <span class='ocrx_word' id='word_1_149' title='bbox 442 2676 483 2720; x_wconf 91' lang='lat' dir='ltr'><strong>ne</strong></span> <span class='ocrx_word' id='word_1_150' title='bbox 506 2654 585 2739; x_wconf 88' lang='lat' dir='ltr'><strong>quid</strong></span> <span class='ocrx_word' id='word_1_151' title='bbox 605 2659 644 2720; x_wconf 83' lang='lat' dir='ltr'><strong>ab</strong></span> <span class='ocrx_word' id='word_1_152' title='bbox 667 2677 701 2719; x_wconf 85' lang='lat' dir='ltr'><strong>se</strong></span> <span class='ocrx_word' id='word_1_153' title='bbox 722 2655 841 2720; x_wconf 87' lang='lat' dir='ltr'><strong>hostile</strong></span> <span class='ocrx_word' id='word_1_154' title='bbox 863 2656 1001 2720; x_wconf 87' lang='lat' dir='ltr'><strong>timeret.</strong></span> <span class='ocrx_word' id='word_1_155' title='bbox 1032 2655 1071 2719; x_wconf 85' lang='lat' dir='ltr'><strong>fr.</strong></span> <span class='ocrx_word' id='word_1_156' title='bbox 1093 2655 1117 2720; x_wconf 90' lang='grc' dir='ltr'><strong>Ι.</strong></span> <span class='ocrx_word' id='word_1_157' title='bbox 1139 2663 1167 2722; x_wconf 87' lang='grc'><strong>9.</strong></span> <span class='ocrx_word' id='word_1_158' title='bbox 1190 2661 1296 2720; x_wconf 87' lang='lat' dir='ltr'><strong>metus</strong></span> <span class='ocrx_word' id='word_1_159' title='bbox 1317 2677 1338 2719; x_wconf 85' lang='lat' dir='ltr'><strong>a</strong></span> <span class='ocrx_word' id='word_1_160' title='bbox 1363 2660 1436 2718; x_wconf 85' lang='lat' dir='ltr'><strong>Tar·</strong></span> 
     </span>
     <span class='ocr_line' id='line_1_22' title="bbox 245 2766 1169 2852; baseline 0.001 -22"><span class='ocrx_word' id='word_1_161' title='bbox 245 2771 349 2846; x_wconf 79' lang='lat' dir='ltr'><strong>quinio</strong></span> <span class='ocrx_word' id='word_1_162' title='bbox 380 2772 414 2832; x_wconf 88' lang='lat' dir='ltr'><strong>et</strong></span> <span class='ocrx_word' id='word_1_163' title='bbox 432 2766 553 2832; x_wconf 89' lang='lat' dir='ltr'><strong>bellum</strong></span> <span class='ocrx_word' id='word_1_164' title='bbox 574 2787 672 2850; x_wconf 84' lang='lat' dir='ltr'><strong>grave</strong></span> <span class='ocrx_word' id='word_1_165' title='bbox 696 2789 768 2832; x_wconf 92' lang='lat' dir='ltr'><strong>cum</strong></span> <span class='ocrx_word' id='word_1_166' title='bbox 794 2767 927 2833; x_wconf 84' lang='lat' dir='ltr'><strong>Etruria</strong></span> <span class='ocrx_word' id='word_1_167' title='bbox 945 2768 1086 2852; x_wconf 84' lang='lat' dir='ltr'><strong>positum</strong></span> <span class='ocrx_word' id='word_1_168' title='bbox 1112 2772 1169 2832; x_wconf 88' lang='lat' dir='ltr'><strong>est.</strong></span> 
     </span>
    </p>

    <p class='ocr_par' dir='ltr' id='par_1_12' title="bbox 239 2878 1437 3077">
     <span class='ocr_line' id='line_1_23' title="bbox 330 2878 1437 2963; baseline 0 -21"><span class='ocrx_word' id='word_1_169' title='bbox 330 2878 411 2944; x_wconf 89' lang='lat' dir='ltr'><strong>Pars</strong></span> <span class='ocrx_word' id='word_1_170' title='bbox 430 2879 480 2943; x_wconf 85' lang='lat' dir='ltr'><strong>vel</strong></span> <span class='ocrx_word' id='word_1_171' title='bbox 495 2878 584 2962; x_wconf 82' lang='lat' dir='ltr'><strong>regio</strong></span> <span class='ocrx_word' id='word_1_172' title='bbox 606 2879 657 2944; x_wconf 90' lang='lat' dir='ltr'><strong>his</strong></span> <span class='ocrx_word' id='word_1_173' title='bbox 678 2878 758 2944; x_wconf 92' lang='lat' dir='ltr'><strong>locis</strong></span> <span class='ocrx_word' id='word_1_174' title='bbox 781 2879 999 2963; x_wconf 81' lang='lat' dir='ltr'><strong>significatur:</strong></span> <span class='ocrx_word' id='word_1_175' title='bbox 1024 2880 1134 2945; x_wconf 89' lang='lat' dir='ltr'><strong>deberi</strong></span> <span class='ocrx_word' id='word_1_176' title='bbox 1152 2879 1231 2944; x_wconf 91' lang='lat' dir='ltr'><strong>mihi</strong></span> <span class='ocrx_word' id='word_1_177' title='bbox 1247 2879 1403 2944; x_wconf 90' lang='lat' dir='ltr'><strong>beneficia</strong></span> <span class='ocrx_word' id='word_1_178' title='bbox 1416 2901 1437 2942; x_wconf 86' lang='lat' dir='ltr'><strong>a</strong></span> 
     </span>
     <span class='ocr_line' id='line_1_24' title="bbox 239 2991 1436 3077; baseline -0.001 -22"><span class='ocrx_word' id='word_1_179' title='bbox 239 2997 356 3070; x_wconf 82' lang='lat' dir='ltr'><strong>populo</strong></span> <span class='ocrx_word' id='word_1_180' title='bbox 382 2995 517 3056; x_wconf 79' lang='lat' dir='ltr'><strong>Romano</strong></span> <span class='ocrx_word' id='word_1_181' title='bbox 548 2992 617 3073; x_wconf 82' lang='lat' dir='ltr'><strong>Ing.</strong></span> <span class='ocrx_word' id='word_1_182' title='bbox 652 2997 734 3077; x_wconf 79' lang='lat'><strong>14,3.</strong></span> <span class='ocrx_word' id='word_1_183' title='bbox 765 2991 813 3056; x_wconf 90' lang='lat' dir='ltr'><strong>ita</strong></span> <span class='ocrx_word' id='word_1_184' title='bbox 839 2991 886 3056; x_wconf 91' lang='lat' dir='ltr'><strong>illi</strong></span> <span class='ocrx_word' id='word_1_185' title='bbox 909 3014 929 3057; x_wconf 87' lang='lat' dir='ltr'><strong>a</strong></span> <span class='ocrx_word' id='word_1_186' title='bbox 951 2996 1033 3057; x_wconf 80' lang='lat' dir='ltr'><strong>vobis</strong></span> <span class='ocrx_word' id='word_1_187' title='bbox 1052 3013 1185 3076; x_wconf 83' lang='lat' dir='ltr'><strong>paoem,</strong></span> <span class='ocrx_word' id='word_1_188' title='bbox 1216 2992 1307 3056; x_wconf 91' lang='lat' dir='ltr'><strong>vobis</strong></span> <span class='ocrx_word' id='word_1_189' title='bbox 1329 2997 1366 3057; x_wconf 85' lang='lat' dir='ltr'><strong>ab</strong></span> <span class='ocrx_word' id='word_1_190' title='bbox 1387 2997 1436 3055; x_wconf 80' lang='lat' dir='ltr'><strong>illo</strong></span> 
     </span>
    </p>

    <p class='ocr_par' dir='ltr' id='par_1_13' title="bbox 186 3084 1434 3188">
     <span class='ocr_line' id='line_1_25' title="bbox 186 3084 1434 3188; baseline -0.002 -20"><span class='ocrx_word' id='word_1_191' title='bbox 186 3084 189 3088; x_wconf 10' lang='grc' dir='ltr'><strong>Δ</strong></span> <span class='ocrx_word' id='word_1_192' title='bbox 244 3102 367 3168; x_wconf 91' lang='lat' dir='ltr'><strong>bellum</strong></span> <span class='ocrx_word' id='word_1_193' title='bbox 391 3102 507 3168; x_wconf 85' lang='lat' dir='ltr'><strong>suadet</strong></span> <span class='ocrx_word' id='word_1_194' title='bbox 528 3102 581 3171; x_wconf 87' lang='lat' dir='ltr'><strong>Or.</strong></span> <span class='ocrx_word' id='word_1_195' title='bbox 605 3102 685 3167; x_wconf 89' lang='lat' dir='ltr'><strong>Phil.</strong></span> <span class='ocrx_word' id='word_1_196' title='bbox 712 3109 760 3169; x_wconf 86' lang='grc'><strong>18.</strong></span> <span class='ocrx_word' id='word_1_197' title='bbox 798 3103 937 3187; x_wconf 86' lang='lat' dir='ltr'><strong>legatia</strong></span> <span class='ocrx_word' id='word_1_198' title='bbox 959 3108 1078 3170; x_wconf 78' lang='lat' dir='ltr'><strong>Boccho</strong></span> <span class='ocrx_word' id='word_1_199' title='bbox 1100 3109 1224 3168; x_wconf 78' lang='lat' dir='ltr'><strong>veniant</strong></span> <span class='ocrx_word' id='word_1_200' title='bbox 1245 3105 1313 3187; x_wconf 85' lang='lat' dir='ltr'><strong>lug.</strong></span> <span class='ocrx_word' id='word_1_201' title='bbox 1337 3109 1434 3188; x_wconf 73' lang='lat'><strong>102‚2.</strong></span> 
     </span>
    </p>

    <p class='ocr_par' dir='ltr' id='par_1_14' title="bbox 332 3216 1435 3301">
     <span class='ocr_line' id='line_1_26' title="bbox 332 3216 1435 3301; baseline 0 -22"><span class='ocrx_word' id='word_1_202' title='bbox 332 3216 368 3279; x_wconf 88' lang='lat' dir='ltr'><strong>A.</strong></span> <span class='ocrx_word' id='word_1_203' title='bbox 392 3216 535 3300; x_wconf 88' lang='lat' dir='ltr'><strong>positum</strong></span> <span class='ocrx_word' id='word_1_204' title='bbox 558 3220 608 3281; x_wconf 89' lang='lat' dir='ltr'><strong>est</strong></span> <span class='ocrx_word' id='word_1_205' title='bbox 626 3236 686 3300; x_wconf 88' lang='lat' dir='ltr'><strong>pro</strong></span> <span class='ocrx_word' id='word_1_206' title='bbox 711 3236 751 3281; x_wconf 77' lang='lat' dir='ltr'><strong>ex</strong></span> <span class='ocrx_word' id='word_1_207' title='bbox 772 3216 841 3281; x_wconf 87' lang='lat' dir='ltr'><strong>Oat.</strong></span> <span class='ocrx_word' id='word_1_208' title='bbox 865 3222 948 3301; x_wconf 76' lang='lat'><strong>59,3.</strong></span> <span class='ocrx_word' id='word_1_209' title='bbox 972 3221 1010 3281; x_wconf 83' lang='lat' dir='ltr'><strong>ob</strong></span> <span class='ocrx_word' id='word_1_210' title='bbox 1038 3217 1077 3282; x_wconf 89' lang='lat' dir='ltr'><strong>iis</strong></span> <span class='ocrx_word' id='word_1_211' title='bbox 1100 3217 1305 3281; x_wconf 83' lang='lat' dir='ltr'><strong>centuriones</strong></span> <span class='ocrx_word' id='word_1_212' title='bbox 1329 3236 1435 3281; x_wconf 91' lang='lat' dir='ltr'><strong>omnes</strong></span> 
     </span>
    </p>

    <p class='ocr_par' dir='ltr' id='par_1_15' title="bbox 246 3327 1436 3413">
     <span class='ocr_line' id='line_1_27' title="bbox 246 3327 1436 3413; baseline 0 -21"><span class='ocrx_word' id='word_1_213' title='bbox 246 3327 348 3392; x_wconf 90' lang='lat' dir='ltr'><strong>lectos</strong></span> <span class='ocrx_word' id='word_1_214' title='bbox 376 3332 409 3391; x_wconf 88' lang='lat' dir='ltr'><strong>et</strong></span> <span class='ocrx_word' id='word_1_215' title='bbox 440 3333 605 3408; x_wconf 84' lang='lat' dir='ltr'><strong>evocatos,</strong></span> <span class='ocrx_word' id='word_1_216' title='bbox 635 3333 808 3412; x_wconf 87' lang='lat' dir='ltr'><strong>praeterea</strong></span> <span class='ocrx_word' id='word_1_217' title='bbox 839 3350 879 3393; x_wconf 78' lang='lat' dir='ltr'><strong>ex</strong></span> <span class='ocrx_word' id='word_1_218' title='bbox 909 3330 1066 3412; x_wconf 83' lang='lat' dir='ltr'><strong>gregariis</strong></span> <span class='ocrx_word' id='word_1_219' title='bbox 1094 3328 1252 3393; x_wconf 87' lang='lat' dir='ltr'><strong>militibus</strong></span> <span class='ocrx_word' id='word_1_220' title='bbox 1282 3331 1436 3413; x_wconf 90' lang='lat' dir='ltr'><strong>optimum</strong></span> 
     </span>
    </p>

    <p class='ocr_par' dir='ltr' id='par_1_16' title="bbox 159 3440 1435 3860">
     <span class='ocr_line' id='line_1_28' title="bbox 159 3440 1435 3530; baseline 0.001 -27"><span class='ocrx_word' id='word_1_221' title='bbox 159 3526 161 3530; x_wconf 55' lang='lat'><strong>.</strong></span> <span class='ocrx_word' id='word_1_222' title='bbox 249 3459 408 3522; x_wconf 87' lang='lat' dir='ltr'><strong>quemque</strong></span> <span class='ocrx_word' id='word_1_223' title='bbox 431 3445 593 3504; x_wconf 88' lang='lat' dir='ltr'><strong>armatum</strong></span> <span class='ocrx_word' id='word_1_224' title='bbox 622 3440 655 3503; x_wconf 90' lang='lat' dir='ltr'><strong>in</strong></span> <span class='ocrx_word' id='word_1_225' title='bbox 676 3440 816 3524; x_wconf 90' lang='lat' dir='ltr'><strong>primam</strong></span> <span class='ocrx_word' id='word_1_226' title='bbox 846 3441 949 3505; x_wconf 85' lang='lat' dir='ltr'><strong>aciem</strong></span> <span class='ocrx_word' id='word_1_227' title='bbox 973 3441 1133 3506; x_wconf 79' lang='lat' dir='ltr'><strong>subducit.</strong></span> <span class='ocrx_word' id='word_1_228' title='bbox 1156 3442 1222 3524; x_wconf 84' lang='lat' dir='ltr'><strong>Ing.</strong></span> <span class='ocrx_word' id='word_1_229' title='bbox 1246 3448 1329 3527; x_wconf 69' lang='lat'><strong>95,1.</strong></span> <span class='ocrx_word' id='word_1_230' title='bbox 1359 3462 1435 3525; x_wconf 91' lang='lat' dir='ltr'><strong>quos</strong></span> 
     </span>
     <span class='ocr_line' id='line_1_29' title="bbox 246 3550 1435 3636; baseline 0.002 -21"><span class='ocrx_word' id='word_1_231' title='bbox 246 3550 295 3615; x_wconf 90' lang='lat' dir='ltr'><strong>uti</strong></span> <span class='ocrx_word' id='word_1_232' title='bbox 318 3571 358 3614; x_wconf 78' lang='lat' dir='ltr'><strong>aa</strong></span> <span class='ocrx_word' id='word_1_233' title='bbox 380 3550 474 3615; x_wconf 87' lang='lat' dir='ltr'><strong>Latio</strong></span> <span class='ocrx_word' id='word_1_234' title='bbox 508 3556 541 3615; x_wconf 92' lang='lat' dir='ltr'><strong>et</strong></span> <span class='ocrx_word' id='word_1_235' title='bbox 561 3573 581 3615; x_wconf 88' lang='lat' dir='ltr'><strong>o</strong></span> <span class='ocrx_word' id='word_1_236' title='bbox 604 3551 699 3616; x_wconf 89' lang='lat' dir='ltr'><strong>sociis</strong></span> <span class='ocrx_word' id='word_1_237' title='bbox 732 3558 871 3636; x_wconf 83' lang='lat' dir='ltr'><strong>cogeret.</strong></span> <span class='ocrx_word' id='word_1_238' title='bbox 904 3552 943 3617; x_wconf 84' lang='lat' dir='ltr'><strong>fr.</strong></span> <span class='ocrx_word' id='word_1_239' title='bbox 965 3553 990 3617; x_wconf 96' lang='lat' dir='ltr'><strong>I.</strong></span> <span class='ocrx_word' id='word_1_240' title='bbox 1016 3559 1066 3618; x_wconf 83' lang='grc'><strong>67.</strong></span> <span class='ocrx_word' id='word_1_241' title='bbox 1092 3553 1214 3618; x_wconf 86' lang='lat' dir='ltr'><strong>formas</strong></span> <span class='ocrx_word' id='word_1_242' title='bbox 1245 3553 1435 3618; x_wconf 87' lang='lat' dir='ltr'><strong>oflnctibus</strong></span> 
     </span>
     <span class='ocr_line' id='line_1_30' title="bbox 248 3662 1435 3748; baseline 0.003 -22"><span class='ocrx_word' id='word_1_243' title='bbox 248 3662 369 3726; x_wconf 86' lang='lat' dir='ltr'><strong>Oceani</strong></span> <span class='ocrx_word' id='word_1_244' title='bbox 394 3663 525 3727; x_wconf 84' lang='lat' dir='ltr'><strong>accitas.</strong></span> <span class='ocrx_word' id='word_1_245' title='bbox 570 3663 623 3728; x_wconf 88' lang='lat' dir='ltr'><strong>Or.</strong></span> <span class='ocrx_word' id='word_1_246' title='bbox 646 3663 723 3746; x_wconf 91' lang='lat' dir='ltr'><strong>Lep.</strong></span> <span class='ocrx_word' id='word_1_247' title='bbox 740 3671 767 3730; x_wconf 88' lang='lat'><strong>5.</strong></span> <span class='ocrx_word' id='word_1_248' title='bbox 795 3685 879 3748; x_wconf 87' lang='lat' dir='ltr'><strong>quae</strong></span> <span class='ocrx_word' id='word_1_249' title='bbox 902 3670 1019 3730; x_wconf 85' lang='lat' dir='ltr'><strong>cuncta</strong></span> <span class='ocrx_word' id='word_1_250' title='bbox 1041 3687 1176 3731; x_wconf 89' lang='lat' dir='ltr'><strong>scaevus</strong></span> <span class='ocrx_word' id='word_1_251' title='bbox 1197 3666 1259 3731; x_wconf 86' lang='lat' dir='ltr'><strong>iste</strong></span> <span class='ocrx_word' id='word_1_252' title='bbox 1282 3665 1435 3730; x_wconf 87' lang='lat' dir='ltr'><strong>Romulus</strong></span> 
     </span>
     <span class='ocr_line' id='line_1_31' title="bbox 250 3775 815 3860; baseline 0.004 -22"><span class='ocrx_word' id='word_1_253' title='bbox 250 3775 345 3857; x_wconf 88' lang='lat' dir='ltr'><strong>qnasi</strong></span> <span class='ocrx_word' id='word_1_254' title='bbox 378 3779 415 3839; x_wconf 84' lang='lat' dir='ltr'><strong>ab</strong></span> <span class='ocrx_word' id='word_1_255' title='bbox 440 3781 578 3840; x_wconf 74' lang='lat' dir='ltr'><strong>exterma</strong></span> <span class='ocrx_word' id='word_1_256' title='bbox 598 3781 695 3860; x_wconf 87' lang='lat' dir='ltr'><strong>rapta</strong></span> <span class='ocrx_word' id='word_1_257' title='bbox 717 3781 815 3842; x_wconf 88' lang='lat' dir='ltr'><strong>tenet.</strong></span> 
     </span>
    </p>

    <p class='ocr_par' dir='ltr' id='par_1_17' title="bbox 246 3885 1436 4087">
     <span class='ocr_line' id='line_1_32' title="bbox 335 3885 1436 3974; baseline 0.004 -23"><span class='ocrx_word' id='word_1_258' title='bbox 335 3885 505 3968; x_wconf 89' lang='lat' dir='ltr'><strong>Ordinem,</strong></span> <span class='ocrx_word' id='word_1_259' title='bbox 537 3908 601 3971; x_wconf 88' lang='lat' dir='ltr'><strong>quc</strong></span> <span class='ocrx_word' id='word_1_260' title='bbox 626 3888 704 3971; x_wconf 90' lang='lat' dir='ltr'><strong>quid</strong></span> <span class='ocrx_word' id='word_1_261' title='bbox 725 3889 865 3953; x_wconf 88' lang='lat' dir='ltr'><strong>alterum</strong></span> <span class='ocrx_word' id='word_1_262' title='bbox 898 3888 1019 3973; x_wconf 84' lang='lat' dir='ltr'><strong>excipit</strong></span> <span class='ocrx_word' id='word_1_263' title='bbox 1048 3891 1288 3974; x_wconf 85' lang='lat' dir='ltr'><strong>apraepositio</strong></span> <span class='ocrx_word' id='word_1_264' title='bbox 1317 3891 1436 3955; x_wconf 86' lang='lat' dir='ltr'><strong>indicat</strong></span> 
     </span>
     <span class='ocr_line' id='line_1_33' title="bbox 246 3999 1356 4087; baseline 0.004 -23"><span class='ocrx_word' id='word_1_265' title='bbox 246 3999 315 4081; x_wconf 83' lang='lat' dir='ltr'><strong>Ing.</strong></span> <span class='ocrx_word' id='word_1_266' title='bbox 338 4004 388 4078; x_wconf 85' lang='grc'><strong>63,</strong></span> <span class='ocrx_word' id='word_1_267' title='bbox 395 4039 421 4084; x_wconf 71' lang='lat'><strong>5.</strong></span> <span class='ocrx_word' id='word_1_268' title='bbox 451 4003 489 4065; x_wconf 83' lang='lat' dir='ltr'><strong>ab</strong></span> <span class='ocrx_word' id='word_1_269' title='bbox 519 4020 553 4064; x_wconf 85' lang='lat' dir='ltr'><strong>eo</strong></span> <span class='ocrx_word' id='word_1_270' title='bbox 582 4006 766 4081; x_wconf 76' lang='lat' dir='ltr'><strong>mcpistruta</strong></span> <span class='ocrx_word' id='word_1_271' title='bbox 797 4002 896 4066; x_wconf 90' lang='lat' dir='ltr'><strong>alium</strong></span> <span class='ocrx_word' id='word_1_272' title='bbox 918 4007 993 4085; x_wconf 89' lang='lat' dir='ltr'><strong>post</strong></span> <span class='ocrx_word' id='word_1_273' title='bbox 1015 4001 1113 4067; x_wconf 88' lang='lat' dir='ltr'><strong>alium</strong></span> <span class='ocrx_word' id='word_1_274' title='bbox 1137 4003 1199 4068; x_wconf 90' lang='lat' dir='ltr'><strong>sibi</strong></span> <span class='ocrx_word' id='word_1_275' title='bbox 1221 4003 1356 4087; x_wconf 89' lang='lat' dir='ltr'><strong>peperit.</strong></span> 
     </span>
    </p>

    <p class='ocr_par' dir='ltr' id='par_1_18' title="bbox 248 4111 1435 4537">
     <span class='ocr_line' id='line_1_34' title="bbox 335 4111 1435 4200; baseline 0.006 -26"><span class='ocrx_word' id='word_1_276' title='bbox 335 4111 475 4193; x_wconf 85' lang='lat' dir='ltr'><strong>Tempus</strong></span> <span class='ocrx_word' id='word_1_277' title='bbox 499 4113 691 4194; x_wconf 87' lang='lat' dir='ltr'><strong>exprimitur</strong></span> <span class='ocrx_word' id='word_1_278' title='bbox 713 4115 781 4197; x_wconf 82' lang='lat' dir='ltr'><strong>lug.</strong></span> <span class='ocrx_word' id='word_1_279' title='bbox 806 4120 886 4200; x_wconf 70' lang='lat'><strong>14,2.</strong></span> <span class='ocrx_word' id='word_1_280' title='bbox 917 4115 985 4198; x_wconf 87' lang='lat' dir='ltr'><strong>jam</strong></span> <span class='ocrx_word' id='word_1_281' title='bbox 1009 4120 1047 4179; x_wconf 80' lang='lat' dir='ltr'><strong>ab</strong></span> <span class='ocrx_word' id='word_1_282' title='bbox 1069 4121 1168 4194; x_wconf 79' lang='lat' dir='ltr'><strong>stirpe</strong></span> <span class='ocrx_word' id='word_1_283' title='bbox 1197 4117 1319 4180; x_wconf 91' lang='lat' dir='ltr'><strong>socium</strong></span> <span class='ocrx_word' id='word_1_284' title='bbox 1341 4121 1435 4199; x_wconf 87' lang='lat' dir='ltr'><strong>atque</strong></span> 
     </span>
     <span class='ocr_line' id='line_1_35' title="bbox 249 4222 1434 4310; baseline 0.005 -24"><span class='ocrx_word' id='word_1_285' title='bbox 249 4222 388 4286; x_wconf 85' lang='lat' dir='ltr'><strong>amicum</strong></span> <span class='ocrx_word' id='word_1_286' title='bbox 410 4223 523 4305; x_wconf 91' lang='lat' dir='ltr'><strong>populi</strong></span> <span class='ocrx_word' id='word_1_287' title='bbox 546 4224 691 4289; x_wconf 86' lang='lat' dir='ltr'><strong>Romani.</strong></span> <span class='ocrx_word' id='word_1_288' title='bbox 714 4226 781 4290; x_wconf 90' lang='lat' dir='ltr'><strong>Oat.</strong></span> <span class='ocrx_word' id='word_1_289' title='bbox 807 4234 866 4310; x_wconf 74' lang='lat'><strong>5,2.</strong></span> <span class='ocrx_word' id='word_1_290' title='bbox 890 4227 965 4290; x_wconf 88' lang='lat' dir='ltr'><strong>huic</strong></span> <span class='ocrx_word' id='word_1_291' title='bbox 989 4232 1026 4292; x_wconf 85' lang='lat' dir='ltr'><strong>ab</strong></span> <span class='ocrx_word' id='word_1_292' title='bbox 1050 4234 1257 4293; x_wconf 66' lang='lat' dir='ltr'><strong>{adolescendo</strong></span> <span class='ocrx_word' id='word_1_293' title='bbox 1284 4228 1372 4292; x_wconf 88' lang='lat' dir='ltr'><strong>bella</strong></span> <span class='ocrx_word' id='word_1_294' title='bbox 1393 4230 1434 4292; x_wconf 91' lang='lat' dir='ltr'><strong>in-</strong></span> 
     </span>
     <span class='ocr_line' id='line_1_36' title="bbox 248 4333 1434 4426; baseline 0.005 -28"><span class='ocrx_word' id='word_1_295' title='bbox 248 4333 377 4414; x_wconf 87' lang='lat' dir='ltr'><strong>testina,</strong></span> <span class='ocrx_word' id='word_1_296' title='bbox 401 4334 517 4398; x_wconf 86' lang='lat' dir='ltr'><strong>caedes</strong></span> <span class='ocrx_word' id='word_1_297' title='bbox 607 4343 701 4420; x_wconf 84' lang='lat' dir='ltr'><strong>grata</strong></span> <span class='ocrx_word' id='word_1_298' title='bbox 723 4338 814 4402; x_wconf 86' lang='lat' dir='ltr'><strong>fuere</strong></span> <span class='ocrx_word' id='word_1_299' title='bbox 838 4338 877 4402; x_wconf 87' lang='lat' dir='ltr'><strong>cf.</strong></span> <span class='ocrx_word' id='word_1_300' title='bbox 901 4339 969 4402; x_wconf 84' lang='lat' dir='ltr'><strong>Cat.</strong></span> <span class='ocrx_word' id='word_1_301' title='bbox 992 4346 1075 4425; x_wconf 67' lang='lat' dir='ltr'><strong>3l‚7.</strong></span> <span class='ocrx_word' id='word_1_302' title='bbox 1110 4342 1178 4423; x_wconf 82' lang='lat' dir='ltr'><strong>lug.</strong></span> <span class='ocrx_word' id='word_1_303' title='bbox 1200 4346 1284 4426; x_wconf 52' lang='lat'><strong>222.</strong></span> <span class='ocrx_word' id='word_1_304' title='bbox 1313 4341 1350 4404; x_wconf 86' lang='lat' dir='ltr'><strong>fr.</strong></span> <span class='ocrx_word' id='word_1_305' title='bbox 1374 4343 1434 4405; x_wconf 78' lang='lat' dir='ltr'><strong>ino,</strong></span> 
     </span>
     <span class='ocr_line' id='line_1_37' title="bbox 248 4449 1433 4537; baseline 0.005 -27"><span class='ocrx_word' id='word_1_306' title='bbox 248 4451 298 4511; x_wconf 87' lang='lat'><strong>83.</strong></span> <span class='ocrx_word' id='word_1_307' title='bbox 329 4468 348 4510; x_wconf 88' lang='lat' dir='ltr'><strong>a</strong></span> <span class='ocrx_word' id='word_1_308' title='bbox 370 4449 476 4524; x_wconf 79' lang='lat' dir='ltr'><strong>primo</strong></span> <span class='ocrx_word' id='word_1_309' title='bbox 508 4453 715 4514; x_wconf 79' lang='lat' dir='ltr'><strong>odolescentia</strong></span> <span class='ocrx_word' id='word_1_310' title='bbox 753 4450 787 4512; x_wconf 92' lang='lat' dir='ltr'><strong>in</strong></span> <span class='ocrx_word' id='word_1_311' title='bbox 817 4471 873 4514; x_wconf 85' lang='lat' dir='ltr'><strong>ore</strong></span> <span class='ocrx_word' id='word_1_312' title='bbox 907 4456 1015 4515; x_wconf 85' lang='lat' dir='ltr'><strong>vestro</strong></span> <span class='ocrx_word' id='word_1_313' title='bbox 1043 4453 1220 4535; x_wconf 88' lang='lat' dir='ltr'><strong>privatus.</strong></span> <span class='ocrx_word' id='word_1_314' title='bbox 1245 4455 1356 4537; x_wconf 82' lang='lat' dir='ltr'><strong>..egi</strong></span> <span class='ocrx_word' id='word_1_315' title='bbox 1387 4455 1433 4519; x_wconf 91' lang='lat' dir='ltr'><strong>Or.</strong></span> 
     </span>
    </p>
   </div>
   <div class='ocr_carea' id='block_1_3' title="bbox 0 0 1577 5042">
    <p class='ocr_par' dir='ltr' id='par_1_19' title="bbox 0 0 1577 5042">
     <span class='ocr_line' id='line_1_38' title="bbox 0 0 1577 5042; baseline 0 0"><span class='ocrx_word' id='word_1_316' title='bbox 0 0 1577 5042; x_wconf 95' lang='lat' dir='ltr'><strong> </strong></span> 
     </span>
    </p>
   </div>
  </div>
 </body>
</html>
