3134 5042
652 360 866 420 ..95-

161 563 237 607 aere
261 542 329 607 Cat.
343 508 454 628 dine·
477 542 602 607 scilieet
623 548 710 608 utin
733 553 820 607 tenta
836 565 873 607 re
894 544 1028 626 ignarus
1043 544 1186 609 emnium
1201 545 1352 628 trepidet,

161 655 297 720 festinet
319 655 387 738 lug.
407 660 508 740 85,10.
530 659 629 737 atque
652 675 762 720 omnes
784 661 871 721 utin
894 661 1089 720 secundare
1113 657 1238 740 pariter
1259 678 1352 722 aeres

160 767 320 833 invadunt
341 768 380 832 fr.
392 768 445 832 IV.
464 774 514 832 44.
535 768 584 831 uti
607 767 913 839 solefflextremir
936 773 1029 833 rebus
1050 768 1089 832 fr.
1112 768 1167 832 III.
1192 774 1241 832 73.
1264 769 1351 852 quod

160 881 353 964 plerumque
382 885 414 944 m
448 886 548 945 atroci
576 886 696 959 deuotio
725 879 808 944 solet
830 880 898 944 Cat.
921 885 1004 965 29‚2.
1028 880 1115 962 quod
1141 885 1173 944 in
1191 887 1352 960 plerisque

160 997 291 1072 neporus
315 992 398 1057 solet
424 992 493 1075 Iug.
517 998 599 1077 25,3.
629 991 687 1057 sed
716 992 795 1074 quia
822 993 925 1057 levius
956 997 1021 1071 est,
1055 994 1110 1074 qui
1141 994 1289 1057 convenit
1318 998 1351 1056 iu

159 1110 278 1169 minore
308 1110 429 1184 nepotio
457 1105 561 1188 legem
590 1105 721 1184 timere,
753 1125 826 1169 eum
859 1125 931 1168 eam
961 1110 994 1168 iu
1023 1111 1143 1184 majore
1170 1104 1351 1187 neglegeris

159 1216 230 1282 Cat.
254 1222 353 1303 51,24.
382 1222 539 1299 nequem
561 1237 596 1280 eo
619 1221 687 1280 tam
707 1236 820 1295 mpero
841 1220 963 1297 repotia
984 1216 1108 1281 Marius
1137 1217 1271 1280 territus
1294 1222 1352 1281 aut

158 1329 265 1412 magis
288 1349 386 1411 quam
409 1333 506 1394 antea
528 1327 667 1393 demisso
698 1328 806 1393 animo
827 1327 890 1392 fuit
909 1328 977 1410 Iug.
999 1334 1082 1413 98‚1.
1112 1334 1203 1393 utin
1226 1339 1349 1393 terrore

158 1441 244 1505 solet
265 1442 304 1505 ir.
328 1441 352 1505 I.
378 1448 419 1506 74
449 1442 498 1506 uti
519 1446 551 1505 iu
574 1446 629 1505 tuli
651 1446 772 1520 repotia
799 1441 867 1522 lug.
892 1446 994 1525 1026.
1026 1441 1157 1523 egregia
1185 1446 1244 1504 tua
1269 1440 1350 1504 fides

158 1573 197 1618 re
219 1554 357 1636 cognita,
381 1560 477 1636 grata
498 1553 577 1618 mihi
597 1558 629 1617 in
651 1558 770 1632 meanis
793 1557 867 1616 meir
882 1557 1035 1631 perieulis
1056 1551 1124 1616 Cat.
1147 1557 1229 1636 35‚1.
1252 1552 1350 1631 facto,

158 1685 225 1729 non
249 1665 395 1730 consulto
417 1670 450 1729 in
477 1671 531 1730 tuli
546 1671 690 1743 perirem
712 1685 794 1749 opus
817 1684 887 1728 esee
908 1663 977 1729 Cat.
1000 1669 1074 1749 43,3
1098 1664 1154 1746 qui
1175 1664 1349 1729 hamorem

157 1777 325 1861 publicam
353 1797 452 1860 saepe
479 1782 513 1842 in
541 1782 682 1841 maximis
705 1781 858 1855 perieulis
886 1795 1056 1841 servavere
1085 1775 1153 1840 Oat.
1174 1781 1270 1862 52,23.
1294 1777 1349 1839 de-

158 1889 338 1955 fensionem
359 1894 392 1953 iu
414 1911 489 1954 noro
512 1894 638 1953 consilio
658 1909 723 1952 nen
746 1888 848 1952 statui
868 1908 988 1971 parare
1010 1887 1078 1952 Cat.
1096 1893 1178 1974 35‚2.
1200 1889 1295 1953 sicuti
1317 1895 1348 1950 iu

157 2005 352 2066 sollemnibus
380 2006 480 2065 sacris
509 2000 581 2064 fieri
612 1999 778 2065 consuevit
807 1998 876 2064 Cat.
900 2005 983 2085 222.
1012 2005 1044 2064 in
1066 2005 1200 2064 maxime
1217 2007 1349 2079 fortuna

157 2113 292 2177 minima
313 2113 446 2177 lieentia
469 2111 536 2177 Oet.
561 2117 660 2198 51‚13.
696 2132 780 2194 quae
811 2112 899 2194 apud
926 2111 1007 2175 alios
1027 2112 1199 2176 iracundia
1220 2112 1348 2192 dieitur,

158 2245 199 2289 ea
220 2230 253 2288 iu
275 2230 402 2304 imperio
425 2224 580 2308 superbia
602 2229 701 2306 atque
730 2222 906 2288 erudelitas
936 2223 1121 2306 appellatur
1150 2223 1221 2303 „bei
1244 2225 1347 2288 eiuem

157 2337 359 2401 Herrseher“
381 2336 449 2401 Cat.
474 2342 574 2421 51,14.
599 2329 745 2400 'inlecta
773 2341 872 2420 atque
900 2341 1031 2400 miseriis
1061 2341 1198 2400 mortem
1221 2357 1347 2400 aerum·

157 2470 274 2513 narum
296 2449 441 2531 requiem
463 2448 532 2514 Cat.
557 2455 655 2534 51‚20.
684 2453 717 2511 iu
740 2454 789 2513 Iris
809 2453 941 2513 miseriis
967 2453 1085 2512 cuneta
1113 2469 1164 2513 me
1187 2468 1260 2512 eum
1282 2448 1347 2512 for·

156 2566 238 2625 tuna
259 2561 431 2626 deseruere
455 2560 508 2625 Or.
533 2560 615 2626 Gott.
639 2565 657 2624 2
682 2561 732 2624 ein
753 2565 785 2624 iu
806 2566 898 2624 tanto
921 2560 1061 2625 omnium
1084 2570 1164 2624 metu
1180 2560 1268 2624 solus
1283 2580 1347 2623 non

157 2673 252 2737 timet
273 2672 341 2738 Cat.
366 2679 464 2758 52‚16.
491 2678 523 2737 iu
544 2678 676 2738 maximo
705 2682 786 2736 metu
813 2672 936 2737 nudum
957 2676 991 2737 et
1013 2693 1144 2737 caecum
1166 2692 1284 2756 eorpus
1305 2671 1348 2735 ad
1391 2654 1393 2659 '

156 2784 260 2850 hostis
281 2790 409 2851 vortere
430 2785 499 2868 Ing,
525 2791 628 2869 107‚1.
654 2789 687 2848 iu
710 2790 790 2849 omui
812 2790 979 2850 certamine
1002 2785 1058 2867 qui
1082 2783 1265 2867 opulentior
1288 2789 1346 2862 est,

158 2898 285 2961 etiamsi
314 2898 434 2981 accipit
462 2897 629 2981 injuriam,
663 2902 774 2962 tamen
866 2897 975 2962 faeere
1013 2897 1141 2961 videtur
1167 2897 1234 2979 [ug.
1265 2901 1313 2975 10,
1323 2936 1345 2980 7.

157 3015 189 3073 iu
211 3016 276 3074 ruis
299 3013 399 3085 dubiis
421 3013 514 3072 rebus
536 3008 898 3081 societatemvestram
920 3009 1148 3092 appetiverunt
1169 3009 1237 3092 Iug.
1263 3014 1345 3093 ¹425·

156 3126 189 3184 ia
218 3127 384 3197 divisione,
426 3141 510 3203 quae
546 3141 624 3204 pars
653 3120 826 3185 Numidiae
862 3119 1099 3201 Mauretaniam
1138 3119 1344 3202 attingit

156 3232 334 3315 Iugurthae
365 3233 508 3298 traditur
534 3233 601 3315 lug.
627 3237 708 3317 lss,5.
739 3233 817 3313 „Bei
845 3232 903 3297 der
923 3231 1078 3313 Teilung“
1107 3230 1147 3294 ef.
1169 3231 1237 3314 lug.
1263 3237 1312 3310 17,
1319 3271 1344 3316 3.

157 3351 240 3431 48,3.
285 3346 363 3410 vieit
384 3350 494 3409 tamen
516 3349 548 3408 in
575 3349 664 3409 avido
685 3349 810 3424 inperio
829 3365 966 3428 pravum
987 3342 1157 3408 eonsilium
1177 3343 1245 3426 lug.
1261 3348 1344 3427 25,3.

155 3479 222 3536 voe,
245 3457 396 3537 Quiritem,
418 3463 450 3521 iu
471 3462 599 3536 imperio
621 3456 704 3536 nati,
728 3475 832 3539 aequo
855 3456 963 3521 animo
986 3455 1175 3520 servitutem
1197 3456 1345 3520 toleratis

155 3571 223 3653 lug.
255 3575 352 3655 3l‚11.
382 3569 417 3634 id
447 3574 498 3634 est
525 3568 593 3649 „ale
620 3568 802 3633 Herrscher
832 3568 991 3651 geboren“
1025 3567 1125 3632 veluti
1153 3567 1343 3650 Iug.14,11.

155 3687 231 3766 post
251 3680 308 3746 ubi
337 3703 389 3745 me
417 3681 533 3746 iisdem
563 3680 646 3746 dolis
676 3701 740 3745 non
770 3681 842 3763 quit
863 3664 997 3764 capere,
1021 3679 1101 3743 nihil
1123 3680 1229 3743 minue
1246 3699 1344 3761 quam

155 3794 220 3859 vim
243 3798 301 3859 aut
321 3793 442 3858 bellum
464 3776 706 3877 exepeetantem
737 3798 769 3856 in
800 3798 927 3872 imperio
956 3802 1071 3868 uestro,
1105 3792 1190 3856 sieut
1218 3791 1344 3871 videtis,

156 3911 318 3971 extorrem
340 3905 453 3989 patria
543 3903 666 3984 effecit,
700 3904 788 3987 quod
807 3905 977 3969 vertimus:
1007 3923 1106 3985 quum
1128 3924 1185 3968 voe
1206 3902 1344 3986 impere-

154 4018 207 4098 tis,
238 4018 289 4084 vel
318 4016 410 4083 vobis
440 4015 684 4099 imperantibus.
708 4016 754 4089 ef.
785 4015 852 4081 Cat.
885 4021 983 4101 51,13.
1017 4015 1141 4081 seilicet
1170 4015 1247 4098 quia
1280 4035 1345 4079 non

154 4131 251 4195 aliter
281 4130 361 4194 salvi
391 4130 535 4211 satisque
563 4128 626 4193 tuti
649 4134 681 4192 in
704 4133 832 4207 imperio
855 4127 963 4207 eritis,
992 4127 1055 4192 nisi
1076 4126 1206 4192 Vettius
1228 4126 1343 4191 Picens

154 4248 188 4307 et
209 4241 320 4307 sariba
351 4235 518 4306 Cornelius
550 4240 657 4304 aliena
683 4240 766 4306 bene
793 4245 890 4323 parta
918 4239 1137 4323 prodegerint.
1181 4238 1234 4303 Or.
1265 4238 1342 4322 Lep.

156 4360 205 4419 17.
227 4358 442 4438 —potestne
472 4357 504 4415 iu
528 4362 588 4416 tem
611 4357 742 4416 diversis
770 4355 918 4416 mentibus
940 4372 1006 4435 pax
1028 4356 1086 4416 aut
1107 4349 1251 4416 amicitia
1272 4371 1343 4415 esse

154 4466 227 4545 „bei
260 4486 295 4529 so
326 4464 572 4529 verschiedener
602 4462 807 4546 Geeiunung“
837 4464 904 4547 lug.
934 4469 1031 4549 3¹224·
1054 4502 1097 4509 —
1120 4463 1197 4545 quia
1226 4468 1257 4525 iu
1282 4468 1342 4526 dis-
