3134 5042
695 348 913 410 „32-

210 557 307 616 opero
337 533 498 619 stipendio
529 532 688 600 liberatus
720 539 815 598 esset.
847 538 875 613 7,
883 574 953 619 m,
984 552 1083 615 quam
1111 532 1257 618 ipsorum
1283 530 1400 596 haberi

209 653 363 727 beneficio.
386 646 461 712 bell.
474 646 557 712 civil.
578 652 688 733 zm.
718 650 837 711 auxilio
858 645 1073 729 tempestatis,
1091 644 1131 710 ci.
1154 644 1288 709 Fischer
1310 645 1329 729 S
1348 648 1399 708 28.

295 759 482 826 Ablatiuum
508 764 604 824 solum
628 756 791 823 nonnullis
819 757 900 822 locis
924 757 1013 841 apud
1042 756 1232 823 Sallustium
1253 756 1401 839 legimus,

138 956 141 961 1
209 872 267 939 ubi
287 872 563 958 praepositionem
584 870 729 954 ahquam
751 874 988 954 exspectamus,
1015 869 1102 953 quod
1118 889 1278 949 personae
1298 867 1401 933 nomi-

210 990 338 1052 nantur.
383 985 448 1051 Sed
477 982 626 1050 omnibus
655 983 725 1048 fere
752 982 835 1049 locis
861 982 981 1047 omissa
1009 986 1060 1048 est
1080 981 1291 1066 praepositio,
1313 979 1402 1063 quod

210 1097 266 1163 alii
289 1097 424 1163 ablativi
446 1095 654 1162 instrumenti
676 1095 727 1160 vel
748 1093 952 1180 praecedunt
977 1093 1029 1160 vel
1051 1097 1240 1179 sequuntur.
1284 1092 1401 1157 Exem-

209 1210 265 1294 pla
295 1210 378 1276 haec
405 1207 532 1274 habeo:
560 1212 734 1291 postquam
762 1228 816 1273 res
846 1227 958 1272 eorum
992 1210 1107 1272 1111111
1142 1210 1276 1272 moribus
1314 1209 1400 1285 apris

211 1326 309 1388 aucta
331 1321 400 1387 Cat.
424 1327 486 1407 6,3.
510 1341 550 1385 ea
572 1320 697 1385 consita
717 1318 860 1385 arbustis
876 1338 995 1399 pecore
1021 1323 1121 1401 atque
1147 1322 1316 1383 cultoribus
1337 1316 1401 1380 fre·

210 1433 453 1518 quentabantur
475 1432 544 1515 Ing.
568 1438 619 1512 48,
627 1473 652 1517 4.
680 1432 755 1497 dein
777 1431 914 1497 castella
936 1435 969 1496 et
989 1429 1111 1516 oppida
1132 1440 1248 1495 natura
1272 1434 1306 1494 ct
1327 1432 1401 1493 uiris

208 1568 327 1632 parum
348 1545 474 1610 munita
496 1543 686 1628 aggreditur
705 1544 773 1628 lug.
796 1549 879 1629 87„.
910 1548 944 1608 et
965 1541 1061 1627 simul
1089 1541 1216 1608 hostem
1246 1546 1401 1607 tormentis

210 1662 442 1738 capitiariupue
474 1661 507 1722 et
529 1660 742 1738 funditoribus
774 1656 899 1722 eminus
917 1660 1042 1721 terrere
1072 1654 1140 1737 lug.
1170 1659 1221 1734 94,
1229 1695 1254 1740 3.
1287 1651 1402 1718 muniti

212 1770 386 1836 advorsum
402 1768 506 1835 hostis
528 1790 593 1834 non
614 1772 769 1834 moenibus
791 1768 888 1834 modo
911 1772 945 1833 et
966 1771 1061 1832 armis
1086 1771 1185 1849 atque
1199 1771 1276 1831 uiris
1291 1786 1402 1832 uerum

211 1883 310 1948 etiam
332 1882 434 1947 multo
455 1881 559 1964 magis
579 1880 726 1946 locorum
749 1885 919 1960 asperitate
940 1879 1008 1963 lug.
1032 1884 1083 1959 89,
1091 1919 1116 1964 4·
1146 1882 1322 1960 augeretur
1344 1898 1402 1941 uu-

209 2015 319 2059 merus
341 1999 427 2059 leeiis
449 1999 534 2059 uiris.
557 1993 596 2057 fr.
619 1993 674 2058 ΠΙ.
699 1998 739 2057 67
760 1992 842 2077 (VI),
864 1997 950 2057 iectu
971 1996 1047 2056 uiris
1069 1990 1147 2056 viris
1168 1989 1331 2055 ablativus
1354 1992 1403 2053 est

211 2105 388 2172 absolutus.
433 2105 559 2170 Similia
595 2104 744 2188 exempla
774 2125 793 2169 e
820 2103 911 2169 Liuio
950 2102 1048 2169 affert
1083 2101 1234 2168 Kiihnast
1266 2123 1298 2185 p.
1333 2106 1402 2166 159.

211 2218 300 2283 nullo
325 2216 430 2301 adjuti
451 2237 512 2282 nec
541 2223 619 2282 duee
637 2237 698 2282 nco
721 2221 862 2282 exercitu
884 2221 1017 2302 23,42.6.
1046 2220 1174 2280 luxuria
1202 2219 1271 2278 uiuo
1293 2218 1403 2277 scarus

212 2335 407 2408 omnibusque
428 2335 534 2394 lustris
565 2350 625 2413 per
647 2333 752 2394 totam
774 2328 914 2394 hiemem
937 2327 1102 2393 confectos
1125 2331 1257 2413 23,45,2.
1287 2324 1404 2391 Caesa·

211 2463 280 2507 rem
310 2442 374 2506 hac
404 2441 644 2507 constructione
675 2461 740 2506 non
768 2441 818 2506 uti
841 2445 983 2506 testatur
1005 2440 1156 2505 Kiihuast
1176 2460 1207 2523 p.
1231 2443 1301 2518 159,
1329 2458 1404 2501 nam

212 2555 308 2620 simili
327 2554 400 2620 loco
416 2553 697 2639 praepositionem
726 2554 838 2619 iterat:
869 2551 945 2619 bell.
974 2552 1048 2636 gall
1073 2558 1101 2631 5,
1108 2591 1181 2638 ΒΜ,
1214 2549 1346 2616 tametsi
1365 2553 1403 2614 ab

213 2673 291 2732 duce
321 2671 355 2731 et
380 2688 400 2731 a
425 2673 557 2746 suiuus
586 2665 829 2731 deserebantur.

297 2778 335 2843 In
356 2778 397 2843 iis
420 2778 632 2858 dictionibus,
660 2797 745 2861 quae
773 2776 817 2842 ad
837 2797 907 2842 rem
929 2776 1103 2842 militarem
1126 2774 1291 2860 pertinent
1312 2773 1403 2838 abla-

211 2891 297 2956 tivus
326 2890 415 2956 solus
435 2890 546 2956 multis
574 2890 655 2955 locis
676 2888 847 2969 invenitur,
878 2888 936 2954 ubi
962 2908 1022 2954 nos
1050 2889 1102 2954 vel
1128 2887 1403 2972 praepositionem

213 3024 289 3081 eum,
311 3003 363 3068 uel
378 3007 417 3068 ab
433 3003 484 3068 vel
498 3023 562 3082 per
585 3002 817 3068 desideramus.
864 3001 963 3086 Cujus
991 3000 1041 3065 rei
1062 3021 1126 3066 non
1148 2999 1214 3066 alia
1234 3004 1285 3064 est
1305 3017 1405 3064 causa

212 3136 310 3198 quam
333 3114 421 3198 quod
442 3115 661 3180 Romanorum
690 3114 869 3198 imperator
891 3111 1050 3179 militibus
1078 3133 1144 3178 uon
1161 3117 1200 3178 ut
1220 3110 1405 3176 hominibus

212 3227 271 3291 sed
290 3231 328 3292 ut
347 3226 447 3293 rebus
470 3226 521 3292 uel
537 3226 761 3292 instrumentis
782 3225 954 3293 utebatur:
976 3229 1161 3309 opportuna
1182 3222 1255 3288 loca
1277 3226 1405 3288 armatis

211 3343 383 3404 homiuibus
413 3339 562 3405 obsidere
585 3337 654 3407 Cat.
677 3343 753 3424 27,2.
775 3339 825 3403 ita
853 3342 1007 3418 expeditis
1025 3339 1184 3417 peditibus
1208 3339 1273 3399 suis
1301 3334 1405 3399 hostis

211 3471 316 3535 paene
345 3451 447 3517 uictos
471 3450 550 3515 dare
573 3450 642 3534 Iug.
667 3456 717 3531 59,
724 3492 750 3537 3.
770 3452 911 3535 primum
940 3450 1098 3534 impetum
1120 3447 1245 3514 Sertori
1274 3445 1406 3512 uictoris

213 3569 298 3628 nouis
326 3566 469 3629 militibus
497 3568 531 3629 et
559 3562 661 3629 multo
685 3567 890 3643 paucioribus
917 3561 1057 3627 sustinui
1089 3560 1147 3645 Ep.
1177 3560 1287 3644 Pomp.
1312 3566 1339 3624 5.
1363 3555 1403 3622 cf.

213 3679 475 3763 liuius.2,44,1„
504 3697 559 3741 suo
588 3681 681 3741 milite
709 3675 794 3740 uinci
823 3675 959 3739 Romam
991 3694 1097 3759 posse.
1120 3677 1171 3751 21,
1179 3713 1253 3758 M.
1283 3690 1405 3737 cornua

214 3792 352 3853 Numidis
371 3787 481 3853 firmat
502 3793 553 3869 23,
561 3829 635 3875 Μ,
653 3791 802 3867 Hispanis
814 3792 843 3867 3,
848 3827 923 3872 319,
939 3791 1086 3866 patriciis
1094 3788 1262 3865 juvenibus
1276 3802 1405 3867 saepse-

213 3905 268 3965 rat
294 3900 409 3966 latera.
465 3902 580 3965 Caesar
608 3899 683 3965 bell.
712 3898 787 3982 gall.
819 3904 913 3984 l,g„,
946 3919 983 3963 eu
1010 3903 1130 3979 lepioue
1164 3917 1263 3981 quam
1295 3915 1405 3961 secum

213 4010 359 4078 habebat
387 4017 663 4092 militibusque
687 4032 816 4077 murum
920 4010 1106 4094 fossamque
1135 4009 1294 4093 perducit.
1321 4014 1404 4092 15,3,

215 4123 301 4208 quod
330 4129 504 4204 puiupeutis
542 4128 693 4203 equitibus
729 4128 857 4189 tantam
886 4122 1126 4189 multitudinem
1156 4122 1302 4206 equitum
1330 4138 1405 4204 pro·

214 4237 367 4321 pulerant
397 4235 436 4301 ef.
458 4235 523 4301 Cic.
545 4235 627 4301 Phil.
652 4241 730 4321 2,17,
737 4275 787 4322 43,
815 4235 915 4302 famil.
932 4242 966 4316 4,
975 4277 1015 4323 1„
1022 4278 1048 4322 3,
1070 4234 1222 4300 Kiihuast
1242 4255 1274 4318 p,
1297 4236 1367 4298 162.

301 4348 460 4415 Usitaticr
490 4348 574 4414 haec
604 4347 733 4413 dicendi
762 4348 848 4414 ratic
878 4352 937 4428 est,
967 4348 995 4413 si
1022 4352 1188 4430 ponuntur
1219 4345 1404 4411 collectiva:

215 4484 339 4541 manus,
368 4464 494 4538 copiae,
527 4465 712 4538 praesidia:
747 4460 906 4525 maximas
940 4460 1082 4524 hostium
1120 4460 1231 4542 copias
1264 4457 1405 4542 populus
