3134 5042
708 322 924 383 ..43-

222 506 290 589 lug.
315 511 378 591 ‘l‚4.
416 504 546 589 quietus
567 502 725 584 imbellis,
755 510 884 585 placida
910 508 1035 586 indeuia
1062 504 1131 587 lug.
1154 508 1238 591 20‚2.
1282 503 1420 587 patiens

222 617 381 698 laborum,
405 622 474 683 acri
496 621 629 698 tapedia,
657 617 738 683 satis
760 615 934 701 providens
955 616 1024 701 lug.
1047 621 1098 697 28,
1108 657 1134 703 ὁ.
1168 620 1307 697 paduae
1322 621 1418 696 pes-i-

223 736 292 796 aala
314 728 373 795 sed
389 736 479 810 sama
501 733 615 809 impari
634 727 712 795 boni
734 733 834 813 atque
855 728 964 814 ignavi
986 735 1082 796 erant
1102 730 1172 813 lug.
1196 734 1246 809 57,
1255 770 1280 815 6.
1310 750 1420 794 novus

223 864 317 909 nemo
339 848 408 908 tam
430 841 538 907 clarus
561 862 665 926 neque
685 846 754 906 tam
770 846 906 924 sareptis
920 847 1018 922 saetis
1042 846 1115 909 erat
1136 842 1298 928 Iug.63‚7.
1326 863 1420 907 mor·

222 955 274 1021 bis
296 954 462 1021 confectus
492 959 526 1019 et
545 951 587 1020 ab
614 974 686 1020 eam
708 974 842 1020 eausam
868 965 967 1020 mente
994 955 1129 1040 paulum
1158 959 1315 1021 imminuta
1342 953 1418 1037 lug.

224 1073 307 1153 65‚1.
351 1088 421 1132 uam
450 1065 630 1150 volgus
653 1070 908 1148 indentemini,
937 1066 1127 1133 seditiosum
1156 1071 1256 1151 atque
1288 1066 1419 1132 discor·

223 1179 349 1245 dissum
371 1184 444 1245 erat
464 1178 533 1262 lug.
559 1183 642 1265 66‚2.
673 1177 841 1245 sordidum
867 1199 919 1245 me
953 1185 987 1245 et
1017 1184 1141 1245 incultis
1163 1183 1296 1245 maditus
1319 1180 1419 1264 ajunt

222 1292 291 1376 lug.
307 1298 404 1378 85,39.
450 1291 538 1376 apud
559 1289 751 1374 Iugurtham
773 1292 941 1373 immunes,
967 1297 1026 1357 leui
1048 1296 1178 1372 imperio
1201 1292 1323 1376 (erant)
1342 1292 1417 1374 lug.

225 1410 309 1490 89,4.
331 1404 466 1470 territus
480 1408 538 1469 aut
552 1402 657 1486 magis
670 1424 769 1487 quam
785 1407 883 1470 antea
899 1409 1028 1470 demissa
1043 1409 1144 1470 aalma
1165 1403 1228 1469 fuit
1249 1404 1377 1487 iug.98,
1387 1446 1416 1488 1.

224 1516 435 1582 Substantias
466 1515 517 1582 vel
543 1517 735 1601 pronomina
758 1515 866 1583 inveni
895 1516 946 1582 his
974 1516 1069 1582 loeis:
1107 1537 1148 1582 ne
1176 1521 1222 1582 illl
1255 1521 1418 1596 corruptis

223 1633 357 1694 mallus
378 1628 533 1695 victoriae
555 1628 769 1712 temperarint
799 1627 868 1695 Cat.
893 1634 976 1715 llffi.
1020 1650 1119 1709 aenas
1141 1627 1308 1694 hominum
1329 1634 1416 1693 sala-

224 1745 273 1807 tri
300 1761 431 1820 corpora
459 1740 553 1806 velex
574 1741 703 1825 patiens
729 1741 881 1807 laborum
910 1742 978 1824 lug.
1005 1747 1054 1820 17,
1062 1782 1086 1826 6.
1130 1763 1230 1822 pedus
1252 1739 1412 1805 Numida·

223 1875 296 1919 rum
389 1858 513 1934 ispania
534 1856 635 1919 mobili
656 1853 724 1937 lug.
736 1859 817 1939 idm.
849 1852 946 1919 fauiie
959 1858 1109 1919 Numidae
1127 1852 1312 1937 persuadet,
1338 1874 1415 1917 eum

223 1970 347 2048 ispania
369 1970 473 2043 infide,
494 1969 564 2030 tum
586 1966 744 2031 metuenti
769 1966 838 2049 Iug.
862 1970 912 2045 61,
919 2007 944 2053 5.
989 1986 1067 2046 aper
1089 1964 1124 2030 in
1145 1965 1251 2030 medio
1271 1963 1413 2030 hareno-

224 2099 288 2158 sus,
308 2099 372 2143 ana
393 2081 496 2157 specie
517 2077 585 2160 lug.
609 2082 687 2163 79‚3.
727 2081 880 2143 Romanas
902 2077 1049 2163 injustas,
1073 2079 1241 2159 profunda
1270 2081 1415 2153 auaritia,

225 2190 402 2255 eommunis
420 2189 563 2255 omnium
587 2188 689 2255 hostis
712 2209 783 2255 esse
805 2189 976 2276 Iug.81,1.
1009 2188 1107 2254 aliam
1127 2211 1192 2255 rem
1213 2187 1416 2273 aggreditur,

224 2322 289 2367 non
311 2308 417 2368 eadem
439 2307 661 2381 asperitate...
678 2307 822 2367 ceterum
844 2301 933 2368 haud
956 2323 1049 2368 secus
1065 2300 1229 2368 difficilem
1251 2301 1414 2387 Iug.92‚4.

224 2435 413 2496 raparumque
439 2413 582 2479 Persidis
619 2418 743 2479 inclutis
773 2418 887 2479 divitiis
921 2419 971 2480 est
997 2415 1056 2498 Ep.
1086 2414 1196 2480 Mithr.
1221 2420 1270 2480 19.
1316 2414 1416 2494 solue,

224 2528 395 2611 impetens,
430 2531 519 2592 inani
540 2530 643 2605 speeie
673 2531 874 2607 mapistrutus
904 2527 958 2592 Or.
979 2526 1062 2593 Mae.
1092 2532 1121 2592 3.
1164 2532 1198 2592 lai
1292 2532 1416 2607 dispari

225 2659 350 2720 pedere,
372 2643 512 2704 dissimili
534 2644 641 2720 liupila
663 2638 731 2704 Cat.
756 2643 817 2726 6‚2.

312 2750 509 2835 Plerumque
532 2750 739 2835 conjungitur
760 2750 923 2817 ablativus
943 2751 1112 2835 qualitatis
1135 2771 1208 2816 eum
1231 2750 1415 2817 nominibus

226 2863 431 2949 appellativis
452 2869 539 2928 tama
561 2868 594 2928 et
615 2869 671 2929 alr.
694 2868 830 2929 domines
852 2865 986 2948 egentis,
1011 2869 1099 2930 malis
1125 2868 1259 2929 maribus
1280 2869 1415 2929 maxim

225 2997 282 3056 spe
300 2976 369 3041 Cat.
388 2980 468 3060 323.
507 2979 654 3041 homiaem
681 2976 823 3042 nobilem
843 2981 984 3042 maximis
1008 2981 1121 3042 divitiis
1142 2997 1258 3041 samm
1273 2981 1415 3056 palentia

228 3088 388 3174 Cat.48‚5.
412 3091 548 3152 tornines
562 3087 803 3155 sceleratissimi
821 3093 958 3154 amentis
971 3093 1119 3166 maulim,
1141 3093 1265 3154 immani
1280 3092 1414 3152 auaritia

227 3201 417 3287 Iug.31,12.
447 3204 594 3266 homiaem
621 3201 662 3267 ab
690 3200 822 3267 morbos
850 3206 950 3266 aalma
971 3220 1088 3285 parum
1110 3206 1211 3266 aalide
1238 3200 1307 3284 Iug.
1331 3204 1413 3285 65,3.

228 3317 376 3378 homiaem
402 3311 561 3392 nobilem,
592 3318 713 3395 mapula
744 3318 852 3393 aplius
885 3313 954 3397 Ing.
979 3319 1061 3399 70,2.
1116 3317 1251 3378 domines
1282 3317 1415 3376 emeritis

228 3428 391 3505 slipseadlis
412 3423 481 3507 Iug.
505 3429 588 3511 84‚2.
632 3431 767 3491 tornines
865 3431 984 3505 optimis
1006 3426 1167 3509 majorum
1189 3430 1336 3505 exemplis
1360 3423 1415 3490 Or.

228 3537 306 3621 Lep.
330 3542 358 3602 2.
394 3535 528 3602 Catulus
550 3556 590 3602 ex
613 3538 770 3622 petitione
800 3537 1009 3622 pontificatus
1031 3536 1106 3603 edio
1134 3537 1294 3616 incensus,
1326 3535 1415 3620 qued

230 3658 367 3714 extrema
390 3659 491 3714 aetate
584 3650 626 3714 ab
655 3649 898 3715 adulescentulo
921 3650 1060 3716 Caesare
1091 3650 1196 3715 viatus
1219 3648 1415 3714 discesserat

230 3760 311 3845 (seii.
334 3762 384 3826 vir
406 3761 457 3826 vel
478 3761 588 3847 homo)
610 3760 769 3848 Cat.49,2.
803 3760 860 3827 sed
881 3763 1038 3828 memoria
1056 3783 1131 3827 mea
1152 3766 1270 3842 iapeali
1292 3767 1414 3837 uirtute,

231 3879 361 3938 diversis
382 3878 516 3939 maritas
537 3872 628 3938 fuere
650 3877 710 3939 alri
732 3874 806 3954 duo,
828 3874 870 3938 M.
895 3873 975 3940 Cato
998 3880 1032 3939 et
1053 3874 1085 3940 0.
1102 3874 1223 3940 Caesar
1245 3873 1313 3938 (lat.
1333 3878 1413 3958 53,6.

230 3986 299 4050 aeri
327 3991 393 4051 aira
428 3992 461 4051 et
490 4006 686 4069 quamquam
715 3986 852 4052 adverso
879 3986 992 4071 pepuli
1022 3988 1164 4071 partium
1187 3978 1277 4067 faida
1304 3992 1414 4050 tamen

231 4102 386 4178 aequabili
408 4103 441 4163 et
462 4098 620 4164 inviolata
633 4098 796 4185 Iug.43,1.
828 4119 965 4166 vacuam
988 4100 1085 4165 istam
1107 4100 1222 4165 urbem
1244 4103 1319 4164 airis
1340 4102 1414 4163 mili·

231 4216 294 4276 lari
315 4220 417 4277 aetate
438 4210 477 4276 fr.
500 4211 524 4276 I.
551 4216 621 4277 101.
674 4294 677 4305 Ι

316 4323 366 4388 Ex
397 4324 526 4388 nomine
552 4324 686 4408 proprio
712 4322 834 4405 pendet
863 4324 1024 4391 ablativus
1055 4326 1223 4410 qualitatis
1253 4327 1322 4393 Cat.
1353 4333 1414 4411 5,1.

230 4434 349 4500 Lusius
371 4433 510 4500 Catilina
530 4434 631 4501 nobili
655 4455 772 4517 genere
794 4442 891 4501 natus
912 4436 983 4517 fuit,
1013 4459 1126 4518 mapsa
1148 4444 1178 4504 ui
1207 4445 1241 4504 et
1261 4440 1360 4505 animi
1383 4443 1416 4503 et
