3134 5042
727 359 944 421 ,96-

240 548 382 607 seauoue
402 563 514 625 regum
537 542 714 626 Iugurthae
740 542 898 607 advorsus
919 543 1029 608 fuerat
1044 543 1112 626 lug.
1129 548 1210 627 35,1.
1233 556 1430 626 quamquam
1554 540 1555 605 Ῑ

240 660 273 718 iu
293 660 396 733 priori
419 661 539 720 maone
560 675 600 720 ex
624 655 737 721 amicis
751 655 987 739 quinquaginta
1001 654 1100 720 vades
1119 655 1256 721 dederat
1268 655 1337 739 lug.
1347 663 1432 741 35‚9.
1553 651 1555 681 ¹

241 787 315 831 oum
338 766 420 831 Airlo
443 772 475 831 iu
495 772 643 847 colloquio
672 766 773 832 verba
803 765 882 833 fauit
907 768 975 851 lug.
998 774 1079 853 38‚9.
1110 768 1230 851 quique
1259 768 1301 833 ab
1330 788 1369 832 ec
1400 773 1432 831 iu

240 883 443 958 legationibus
464 884 522 944 aut
542 884 680 959 imperiis
694 880 850 963 pecunias
865 880 1068 963 accepissent
1089 880 1157 963 Ing.
1173 886 1258 965 40,1.
1280 881 1328 943 ita
1344 879 1433 962 quod
1554 878 1555 973 ¹

240 995 272 1054 ia
295 995 435 1055 odiosis
456 994 549 1056 rebus
571 996 765 1074 optaverant
785 992 887 1057 otium
907 991 975 1075 lug.
995 997 1046 1071 41,
1053 1033 1078 1077 4.
1105 991 1163 1057 sed
1185 997 1217 1055 iu
1240 1013 1278 1056 eo
1301 997 1432 1072 difficul-

241 1112 303 1167 tate
326 1100 493 1168 Metellum
517 1123 582 1167 non
609 1103 715 1168 minus
745 1124 844 1186 quam
874 1109 906 1167 ia
929 1108 1021 1169 rebus
1044 1107 1203 1168 hostilibus
1224 1109 1434 1187 magnumst

240 1214 420 1299 sapientem
456 1214 561 1280 virum
589 1213 690 1280 luisse
730 1214 912 1299 comperior
938 1215 1006 1298 Ing.
1037 1221 1121 1300 45η.
1160 1221 1191 1279 iu
1221 1220 1351 1281 uictoria
1381 1215 1434 1281 vel

239 1327 364 1410 ignavis
393 1326 527 1410 gloriari
557 1326 634 1392 licet
658 1326 727 1411 Iug.
752 1333 836 1413 53‚3.
864 1327 898 1392 ni
920 1327 1046 1412 pedites
1075 1348 1147 1392 cum
1171 1328 1336 1411 equitibus
1358 1349 1433 1411 per·

240 1439 333 1503 mixti
356 1459 507 1522 magnam
531 1437 657 1505 cladem
680 1444 712 1504 ia
734 1461 903 1520 conpressu
925 1439 1074 1505 facerent
1094 1439 1162 1522 Ing.
1187 1446 1270 1526 59,3.
1295 1439 1335 1505 cf.
1350 1440 1389 1504 fr.
1408 1440 1433 1504 Ι.

241 1557 291 1616 65.
319 1549 431 1615 furtim
462 1555 561 1634 atque
592 1549 759 1635 celeritate
789 1551 894 1617 vitare
918 1551 1078 1636 proelium
1100 1558 1132 1615 iu
1156 1562 1356 1632 transgressu
1378 1572 1433 1616 co-

241 1668 338 1727 natus
361 1667 419 1727 est.
439 1700 483 1711 —
504 1668 536 1727 iu
559 1682 597 1727 eo
620 1674 706 1728 tauto
728 1668 899 1743 asperitate
930 1664 1125 1729 saevissimis
1147 1663 1296 1729 Numidis
1319 1670 1353 1729 et
1374 1685 1433 1748 op-

240 1774 318 1859 pido
341 1775 483 1859 undique
506 1774 616 1841 clauso
638 1775 802 1860 Turpilius
891 1774 1037 1860 profugit
1057 1777 1125 1860 lug.
1149 1782 1233 1863 67‚3.
1255 1814 1298 1824 -
1320 1781 1354 1841 et
1375 1796 1433 1840 no-

240 1907 353 1952 vorum
381 1886 479 1952 fidem
508 1892 539 1952 ia
569 1897 655 1953 tauta
685 1894 823 1967 perfidia
861 1893 1007 1953 veterum
1037 1889 1178 1973 experiri
1213 1888 1434 1973 periculosum

240 1999 374 2064 duceret
404 2001 472 2082 lug.
503 2005 585 2083 74η.
609 2000 769 2065 —sicuti
796 1999 944 2084 plerique
973 2005 1006 2064 iu
1037 2021 1114 2065 uova
1144 2006 1297 2067 deditione
1323 2000 1435 2066 officia

239 2110 447 2177 intenderant
472 2112 540 2195 lug.
565 2117 614 2192 75,
624 2152 649 2197 3.
678 2151 714 2159 -
747 2111 806 2177 sed
836 2118 868 2176 iu
898 2117 1030 2177 maeimo
1056 2124 1157 2178 oestro
1186 2117 1330 2191 beneficio
1359 2134 1434 2178 cum

241 2223 390 2289 omnibus
410 2223 491 2289 locis
512 2245 629 2307 meque
650 2244 772 2308 vosque
794 2223 879 2290 male
902 2224 997 2289 dictis
1017 2224 1164 2291 lacerent
1184 2223 1253 2310 Ing.
1276 2232 1327 2304 85,
1336 2266 1377 2311 2⁶.
1390 2265 1435 2274 -

240 2356 358 2420 magno
389 2357 462 2402 cum
492 2337 638 2402 exercitu
669 2342 701 2401 iu
725 2341 843 2403 cauato
865 2337 1005 2403 moranti
1028 2337 1225 2403 trumentum
1248 2338 1352 2404 defuit
1374 2339 1433 2423 Ep.
1554 2414 1556 2433 ⁴

240 2448 349 2514 Mithr.
375 2453 423 2514 14.
445 2487 489 2498 -
511 2469 619 2515 serum
646 2448 768 2515 bellum
797 2455 829 2513 iu
859 2456 1011 2530 anqustiis
1041 2450 1188 2517 futurum
1218 2452 1256 2516 fr.
1284 2451 1351 2517 Inc.
1383 2457 1433 2517 15.

240 2560 470 2627 festinantibus
493 2567 525 2626 iu
548 2583 663 2626 summ
693 2566 799 2642 iuopia
828 2563 979 2646 patribus
1001 2562 1040 2628 fr.
1063 2563 1129 2628 Inc.
1153 2569 1203 2630 28.
1227 2585 1311 2647 quae
1334 2569 1434 2647 pacta

178 2742 180 2745 ,
241 2679 273 2737 iu
298 2678 494 2738 conventione
513 2694 578 2739 non
599 2673 840 2756 praestitissent
862 2674 902 2740 fr.
924 2675 989 2740 Ino.
1015 2681 1064 2741 58.

326 2786 376 2850 Ex
399 2785 585 2870 hujusmodi
605 2785 695 2865 locis,
717 2786 774 2869 qui
795 2787 977 2871 praesentis
994 2787 1150 2871 temporis
1167 2788 1331 2852 notionem
1347 2809 1434 2853 com-

240 2897 443 2981 plectuntur,
472 2899 615 2964 manavit
642 2919 736 2978 usus,
763 2899 798 2963 in
830 2920 894 2983 quo
916 2900 1117 2984 praepositio
1139 2905 1172 2963 iu
1194 2920 1267 2965 cum
1289 2899 1434 2966 ablativo

241 3010 414 3094 conjuncta
438 3030 502 3075 non
524 3020 674 3090 puuctum
703 3016 847 3090 temporis
879 3011 1055 3095 signifieat,
1088 3011 1145 3078 sed
1178 3022 1270 3076 totum
1300 3018 1434 3090 spatium

241 3132 271 3185 et
293 3127 532 3188 diuturnitatem.
576 3123 626 3189 De
647 3123 781 3190 vocibus
805 3129 881 3201 oties,
904 3134 1020 3204 tempus
1037 3125 1108 3209 jam
1130 3144 1230 3208 snpra
1252 3123 1328 3188 dixi.
1371 3124 1435 3188 Ac·
1556 3186 1557 3237 p

241 3232 321 3299 cedo
350 3233 393 3299 ad
420 3236 566 3315 nomina,
597 3256 681 3319 qnae
709 3256 774 3301 non
795 3238 902 3320 ipsum
930 3241 1059 3320 tempus
1088 3236 1249 3316 indicant,
1285 3235 1343 3300 sed
1363 3257 1434 3300 rem
1556 3240 1557 3286 ἴ

240 3346 274 3409 in
296 3349 442 3431 tempore
463 3347 623 3431 agendam
649 3346 701 3413 vel
723 3353 832 3413 actam
859 3353 917 3413 aut
939 3348 1156 3414 conditionem
1179 3352 1213 3413 et
1232 3353 1355 3413 statum
1376 3348 1434 3412 rei.

241 3459 380 3525 audacia
412 3464 444 3524 ia
474 3463 567 3539 betto,
600 3459 657 3526 ubi
688 3481 755 3544 pax
786 3466 939 3526 evenerat
967 3462 1133 3545 aequitate
1169 3481 1269 3543 seque
1300 3480 1435 3544 remque

240 3571 405 3656 publicam
432 3572 592 3637 curabant
622 3571 691 3637 Cat.
713 3578 742 3653 9,
749 3614 774 3658 3.
802 3572 838 3637 id
866 3578 917 3640 est
945 3573 1002 3639 nbi
1022 3572 1144 3639 bellum
1177 3577 1285 3638 ortum
1308 3577 1366 3637 est.
1393 3612 1434 3622 -

242 3683 382 3767 quadiu
405 3688 481 3749 bello
504 3684 634 3768 saepius
657 3684 856 3751 vindicatum
878 3690 945 3767 est,
975 3686 1030 3769 qui
1062 3690 1177 3750 contra
1208 3685 1381 3769 imperium
1400 3686 1434 3749 in

240 3796 367 3862 hostem
389 3802 615 3881 pugnaverant
638 3796 706 3862 Cat.
730 3803 758 3876 9,
767 3838 792 3882 4.
815 3798 863 3863 nti
885 3802 918 3861 iu
941 3801 1076 3862 omuibus
1097 3802 1182 3863 deltis
1198 3797 1328 3863 adesset
1343 3796 1434 3862 vobis

240 3909 309 3992 Iug.
336 3915 432 3995 14‚13.
463 3929 546 3992 quae
574 3914 607 3974 iu
630 3913 813 3975 belloverio
847 3915 880 3974 et
902 3909 1078 3975 multarum
1100 3929 1210 3975 rerum
1232 3909 1339 3994 egenti
1360 3910 1434 3975 usui

241 4042 312 4087 esse
336 4020 441 4086 solent
461 4020 532 4104 Iug.
554 4026 628 4107 43‚3
652 4059 694 4070 -
717 4026 843 4087 ceteros
860 4021 996 4106 judiciis
1018 4026 1142 4087 terrere
1164 4042 1229 4105 quo
1250 4020 1380 4105 plebem
1402 4026 1433 4085 iu

241 4138 424 4214 mapistrotu
460 4133 620 4218 placidius
660 4139 843 4200 tractarent
872 4133 940 4199 Cat.
975 4138 1025 4215 39,
1035 4174 1060 4219 2.
1095 4133 1129 4198 in
1159 4133 1355 4217 magistratu
1385 4137 1434 4198 est

241 4265 325 4327 „quo
353 4250 500 4328 tempore
529 4246 725 4329 magistratu
754 4245 961 4330 funguntur.“
993 4285 1035 4294 -
1065 4245 1121 4328 qui
1142 4266 1261 4329 magno
1288 4247 1433 4311 exercitu

240 4358 320 4421 locis
342 4357 552 4440 aequioribus
575 4359 745 4441 expeditus
768 4358 942 4442 impeditos
964 4363 996 4422 iu
1013 4365 1097 4438 supa
1119 4363 1311 4440 sequeretur
1340 4378 1433 4437 „cum

241 4468 389 4551 fugiunt“
413 4469 481 4532 Cat.
506 4474 555 4548 57,
565 4509 589 4552 4.
612 4476 644 4531 iu
664 4475 776 4533 itinere
792 4475 843 4534 est
863 4470 958 4548 „dum
974 4471 1038 4533 iter
1051 4469 1195 4533 faciunt“
1217 4469 1256 4534 cf.
1272 4470 1341 4553 Iug.
1357 4472 1432 4554 88,3.
