3134 5042
706 366 923 427 ..40-

217 552 291 619 loco
320 550 482 617 invenitur
509 550 579 617 Cat
606 554 690 636 2⁰vo·
719 549 770 616 vel
798 555 985 630 imperatore
1012 551 1064 616 vel
1099 556 1192 616 milite
1212 572 1260 616 me
1280 552 1417 617 utimini

219 663 259 730 ci
280 663 372 730 Caes.
393 661 468 728 bell
501 662 575 748 gall.
605 668 718 749 tm.
747 668 855 729 iisdem
888 665 1017 728 duabus
1045 683 1133 744 usus,
1160 664 1217 747 qui
1239 664 1345 729 nuntii
1366 664 1415 729 ab

217 775 305 843 Iccio
334 779 505 857 venerant3
532 774 606 841 aliis
634 774 715 840 locis
744 774 918 841 Sallustius
944 775 1049 841 utitur
1078 775 1320 860 praepositione
1347 797 1414 856 pro

218 887 269 954 vel
297 886 461 974 particula
489 893 579 954 neat.
608 888 677 971 lug.
699 892 800 975 31„,.
836 886 933 953 sociis
968 887 1085 953 vestris
1120 887 1222 954 voluti
1249 887 1413 967 hostibus,

217 1000 368 1068 hostibus
399 1020 460 1086 pro
499 999 596 1066 sociis
637 1004 782 1067 utuntur.
818 997 887 1084 lug.
917 1004 967 1082 61,
974 1041 1000 1087 3.
1034 1020 1147 1066 eorum
1178 1000 1317 1066 victam
1348 1022 1411 1085 pro

219 1113 319 1180 mmis
340 1112 398 1179 uti.

303 1223 473 1291 Ablativus
493 1223 750 1291 instrumentalis
771 1224 964 1310 conjunctus
987 1244 1061 1290 oum
1078 1223 1185 1291 verbis
1205 1230 1409 1291 intransitiva

217 1337 339 1404 transit
358 1338 392 1402 in
412 1335 577 1402 notionem
598 1342 753 1403 causalem
775 1336 962 1422 significans
979 1357 1110 1402 oausam
1123 1337 1181 1417 rei,
1203 1358 1270 1421 qua
1286 1337 1411 1421 aliquid

220 1448 362 1517 efficitur
382 1448 433 1515 vel
455 1449 561 1516 oritur
582 1448 664 1530 „den
686 1447 907 1534 Saobgrund“.
951 1448 1043 1514 Haec
1072 1448 1173 1515 verba
1202 1449 1411 1517 intransitiva

218 1561 411 1648 plerumque
431 1561 635 1628 reconditam
655 1560 689 1626 in
708 1582 743 1627 se
764 1560 889 1628 habent
911 1560 1179 1646 significationem
1200 1563 1373 1647 passivam.

305 1678 407 1741 abire:
444 1678 572 1740 laenam
604 1678 704 1757 atque
734 1678 840 1755 inopia
871 1694 1030 1759 praeceps
1065 1673 1193 1741 abierat
1221 1674 1290 1741 Cat
1325 1680 1411 1761 25‚4.

305 1791 449 1853 neddere
457 1816 467 1852 :
496 1785 530 1853 id
553 1790 738 1853 socordiane
767 1807 810 1852 an
839 1805 915 1853 casn
944 1785 1102 1853 acciderit
1126 1808 1243 1872 pamm
1274 1788 1413 1872 cognovi

218 1900 285 1984 lug.
306 1904 357 1981 79,
364 1939 389 1986 5.

305 2018 498 2079 adolescere:
537 2011 627 2079 coria
655 2031 770 2078 recens
798 2009 949 2078 debeata
977 2011 1072 2097 quasi
1097 2017 1215 2094 platina
1246 2010 1412 2078 adolesce-

218 2124 301 2191 bant
320 2123 359 2190 ir.
382 2125 483 2192 1112.

306 2248 467 2304 aminare:
488 2258 630 2322 namque
652 2241 750 2302 antea
771 2236 928 2322 pleraque
950 2236 1105 2303 nobilitas
1133 2242 1251 2304 invidia
1280 2241 1410 2302 aestua·

218 2351 278 2418 bat
298 2351 368 2418 Cat.
390 2354 442 2431 23,
450 2391 475 2437 θ.

304 2472 377 2529 ante
393 2467 513 2545 lanae:
536 2466 693 2544 facundia
714 2460 858 2528 Graecos
879 2467 984 2542 aleria
1011 2461 1089 2527 belli
1112 2461 1224 2527 Gallos
1247 2465 1323 2526 ante
1345 2462 1409 2527 Ro-

219 2597 333 2642 manos
355 2574 455 2641 fuisse
477 2574 547 2641 Cat.
571 2579 654 2661 53⁴³·

307 2708 422 2770 apere:
443 2693 527 2753 cnlln
548 2686 723 2752 Persarum
739 2687 849 2772 justos
871 2691 905 2752 et
927 2687 1075 2771 egregios
1097 2707 1195 2770 agere
1218 2687 1258 2751 fr.
1276 2686 1300 2751 Ι.
1324 2691 1373 2751 63.

306 2803 463 2866 omittere:
491 2803 696 2865 dominatione
717 2797 827 2864 Sullae
857 2818 954 2882 agros
983 2797 1134 2882 bonaque
1163 2799 1272 2864 omnia
1294 2800 1410 2863 amise-

221 2910 468 2997 MQQ.

306 3028 443 3090 anteire·
466 3045 538 3090 cum
561 3022 664 3089 omnis
682 3027 786 3104 alerio
807 3022 948 3089 anteiret
970 3023 1038 3108 lug.
1058 3030 1119 3109 6,1.
1143 3022 1200 3107 qui
1222 3033 1324 3090 aelate
1345 3023 1410 3107 (ce-

223 3139 326 3223 teros)
348 3141 382 3203 et
402 3142 529 3203 consilio
550 3140 677 3203 ceteros
700 3134 849 3203 anteibat
870 3135 909 3201 ir.
931 3137 955 3202 Ι.
977 3142 1027 3202 47.

307 3257 439 3317 cadere:
462 3260 580 3316 suamet
593 3249 700 3335 ipsum
716 3254 857 3330 pecnnia
870 3249 1082 3334 praeeipitem
1095 3270 1247 3316 casurum
1258 3250 1326 3334 lug.
1345 3256 1375 3330 8,
1384 3292 1409 3335 2.

307 3371 435 3431 cedere:
456 3369 623 3446 aiatlando,
645 3369 777 3445 oaendo,
808 3361 891 3429 bene
913 3368 1100 3428 consulendo
1125 3383 1281 3447 prospere
1303 3364 1411 3428 omnia

221 3477 342 3545 aedunt
363 3477 432 3544 Oet.
457 3482 554 3564 52,29.

307 3596 472 3657 claudere:
494 3609 600 3673 neque
622 3589 707 3655 enim
728 3592 908 3671 ianorantia
937 3609 991 3653 res
1013 3587 1137 3655 claudit
1159 3590 1212 3655 Or.
1235 3588 1335 3653 Maon.
1359 3591 1409 3653 25.

221 3702 303 3769 nihil
320 3707 465 3770 socordio
487 3701 663 3769 claudebat
683 3701 722 3767 fr.
744 3701 809 3766 Ino.
835 3705 905 3766 107.

307 3825 497 3896 competere:
525 3836 630 3900 neque
661 3819 760 3880 animo
790 3834 895 3897 neque
917 3817 1046 3879 acribus
1076 3819 1134 3880 aut
1155 3820 1262 3896 linpna
1284 3832 1411 3896 compe-

221 3933 293 3995 tere
313 3927 352 3993 fr.
372 3928 396 3993 Ι.
420 3934 470 3995 88.

308 4046 491 4107 concidere:
512 4045 652 4107 advorsis
675 4043 848 4106 volneribus
871 4039 1082 4105 conciderant
1104 4038 1172 4104 Cat.
1196 4044 1245 4118 61,
1252 4080 1278 4124 3.

309 4156 563 4220 contremiscere:
585 4175 644 4235 qno
664 4164 744 4218 meln
765 4151 863 4218 Italia
885 4152 988 4218 omnis
1009 4151 1204 4217 contremuit
1223 4150 1291 4233 lug.
1311 4156 1411 4235 114,1.

309 4287 547 4332 consenescere:
581 4270 695 4332 contra
721 4264 786 4329 illis
814 4269 905 4330 annis
935 4269 1034 4348 atque
1066 4267 1179 4329 divitiis
1207 4263 1315 4328 omnia
1337 4283 1411 4327 con-

222 4383 397 4447 senuerant
418 4377 486 4444 cat.
509 4382 601 4465 2⁰no·

310 4511 470 4556 cresccre:
502 4489 560 4555 ubi
589 4493 694 4554 labore
716 4494 815 4572 atque
838 4492 965 4567 pastilla
985 4508 1038 4552 res
1064 4486 1197 4571 publica
1218 4487 1320 4551 crevit
1342 4486 1410 4552 Cat.
