3134 5042
629 361 845 421 ...71-

207 551 441 629 introducere:
467 567 541 612 oum
561 546 679 629 legatis
701 544 769 610 Cat.
794 551 845 625 46,
853 586 878 630 6.

207 663 285 722 ire:
309 662 408 723 tanta
429 658 531 723 libido
553 680 627 723 cum
651 657 756 723 Mario
777 655 876 722 eundi
897 656 966 739 Iug.
990 662 1041 736 84,
1048 697 1073 741 4.
1099 678 1172 721 cum
1189 656 1330 722 cohorti·

110 769 180 834 bus
214 770 392 854 expeditis
422 770 490 853 lug.
513 776 597 856 9⁰³2·
628 791 700 834 cum
729 768 820 834 Sulla
849 769 918 851 lug.
944 773 1047 854 loth.
1078 768 1269 851 quibuscum
1292 769 1330 834 fr.

111 882 174 946 III.
200 887 235 947 8.
263 903 345 947 oum
368 881 495 947 duabus
517 882 633 947 turmis
656 881 818 946 Thracum
842 885 876 946 et
897 881 1010 964 paucis
1035 881 1194 963 gregariis
1222 881 1331 946 militi-

110 993 181 1059 bus
207 995 384 1060 transiere
403 994 471 1077 Iug.
497 999 580 1080 38‚5.

210 1112 391 1172 invadere:
424 1127 496 1170 oum
518 1126 638 1191 magna
659 1126 759 1170 manu
783 1106 852 1188 lug.
874 1109 956 1190 20,3.
992 1126 1064 1169 cum
1085 1105 1234 1189 potentia
1256 1126 1331 1169 ava·

113 1220 202 1282 ritia
237 1219 317 1283 sine
346 1217 443 1283 modo
472 1218 696 1300 modestiaque
725 1216 880 1282 invadere
909 1217 978 1299 lug.
1001 1222 1086 1302 41‚9.
1118 1239 1191 1281 cum
1213 1238 1332 1299 magna

114 1353 227 1396 manu
250 1332 327 1415 Iug.
350 1336 434 1416 58,1.
457 1352 530 1395 cum
549 1328 715 1414 peditibus
738 1331 806 1411 lug.
831 1334 901 1408 101,
909 1369 934 1415 5.

214 1448 361 1508 mittere:
393 1465 467 1508 eum
498 1442 642 1507 exercitu
673 1442 742 1506 (lat.
768 1447 848 1527 18,5.
882 1462 955 1506 cum
982 1441 1023 1505 iis
1052 1441 1121 1505 Cat.
1144 1447 1227 1527 44,3.
1259 1462 1331 1505 oum

116 1554 255 1639 Ligure
289 1556 359 1639 lug.
383 1561 467 1640 93‚7.
506 1575 578 1620 eum
615 1553 779 1639 praesidio
819 1553 964 1637 equitum
998 1557 1098 1636 atque
1131 1552 1331 1618 funditorum

117 1667 327 1732 Balearium
358 1667 555 1753 Iug.105‚2.
593 1688 666 1732 oum
699 1665 888 1730 custodibus
918 1665 959 1729 fr.
988 1665 1028 1729 11.
1051 1670 1101 1731 25.
1134 1664 1235 1729 mittit
1264 1685 1332 1730 cam

118 1785 294 1845 mandetis
322 1780 458 1864 hujusce
487 1779 575 1844 modi
606 1779 675 1845 Cat.
699 1783 785 1862 33‚1.
821 1799 888 1841 cum
918 1799 996 1842 earo
1027 1781 1060 1841 et
1082 1786 1212 1857 arpenta
1239 1784 1332 1842 multo

120 1891 277 1956 Romam
300 1890 426 1975 legatos
447 1892 549 1956 mittit
570 1892 638 1975 Iug.
664 1896 743 1976 13,6.
768 1889 895 1972 legatos
917 1887 961 1952 ad
983 1889 1148 1954 consulem
1170 1909 1237 1954 cam
1260 1910 1331 1968 sup-

116 2009 237 2082 ponas
263 2004 366 2069 mittit
385 2004 454 2086 lug.
478 2009 561 2088 aeq.

215 2137 378 2197 perpere:
400 2137 474 2180 oum
496 2115 631 2181 delectis
654 2114 819 2198 equitibus
838 2114 905 2196 Iug.
929 2119 1012 2198 56.4.
1035 2112 1073 2177 fr.
1096 2113 1152 2177 III.
1176 2118 1225 2177 67.

214 2233 388 2309 persequi:
412 2250 485 2292 oum
507 2227 653 2292 exercitu
674 2227 743 2292 eat.
766 2232 850 2312 36,3.

214 2345 441 2420 praemittere:
483 2362 556 2405 oum
583 2338 743 2423 expeditis
780 2337 970 2403 cohortibus
1000 2342 1034 2402 et
1060 2342 1155 2421 parte
1186 2337 1332 2419 equitum

124 2451 201 2535 lug.
230 2459 315 2538 50‚1.

217 2572 415 2646 procedere·
446 2586 519 2629 oum
551 2563 664 2648 paucis
699 2562 813 2628 amicis
846 2567 880 2627 et
913 2566 1087 2646 quaestore
1120 2566 1233 2626 nostro
1262 2560 1330 2643 lug.

131 2683 246 2765 usq.

221 2796 400 2870 proficisci:
433 2812 507 2855 oum
532 2790 646 2874 paucis
668 2788 737 2854 Cat.
761 2793 845 2873 32,1.
869 2788 909 2853 of.
931 2789 1000 2872 lug.
1023 2793 1107 2871 8οη.
1130 2808 1240 2852 seeum
1262 2785 1330 2867 lug.

132 2908 221 2989 8422.
252 2924 326 2967 cum
353 2903 403 2967 his
431 2904 603 2987 Iug.86.1.
640 2923 713 2966 cum
743 2900 911 2984 aliquanto
945 2900 1070 2984 majore
1099 2918 1233 2963 numero
1262 2898 1330 2980 lug.

134 3020 189 3094 86,
204 3056 229 3100 4·
264 3036 337 3079 oum
367 3014 527 3098 expeditis
557 3012 745 3078 cohortibus
777 3018 810 3076 et
830 3017 926 3096 parte
951 3012 1117 3094 equitatus
1135 3010 1203 3093 lug.
1228 3015 1330 3094 loon.

134 3147 214 3191 eum
239 3127 271 3192 C.
295 3128 331 3205 Q.
355 3126 485 3191 Rusone
513 3124 572 3208 lug
610 3130 712 3210 104,3.
743 3146 818 3189 oum
847 3123 934 3188 omni
961 3122 1108 3188 exercitu
1140 3122 1180 3186 fr.
1210 3121 1250 3186 ΙΙ.
1281 3126 1331 3186 33.

136 3259 214 3304 oum
236 3239 351 3322 paucis
372 3238 446 3302 fidis
468 3236 507 3301 fr.
528 3237 585 3302 III.
610 3242 658 3302 ll.

221 3358 414 3432 proscipere:
448 3372 521 3415 cum
544 3349 657 3433 paucis
680 3347 844 3433 equitibus
865 3348 934 3431 Ing.
955 3352 1039 3433 21‚2.
1069 3368 1142 3411 oum
1164 3346 1276 3412 liberis
1299 3350 1332 3410 et

136 3485 260 3548 magna
283 3468 377 3547 parte
399 3461 558 3546 pecuniae
576 3463 645 3545 lug.
670 3467 751 3547 76η.
773 3481 882 3526 secum
903 3460 972 3544 Iug.
997 3465 1100 3545 106,2.

226 3581 331 3655 sequi:
364 3596 437 3640 eum
466 3573 601 3640 delectis
631 3573 796 3658 equitibus
821 3573 893 3657 Iug.
917 3579 999 3659 54,9.
1030 3594 1103 3638 cum
1133 3571 1246 3656 paucis
1276 3571 1330 3635 Or.

138 3688 221 3752 Phil.
246 3693 274 3752 6.

226 3804 358 3864 reverti:
382 3821 455 3865 eum
478 3799 624 3865 exercitu
645 3799 713 3883 lug.
737 3805 788 3879 58,
798 3839 823 3884 Ἰ.

229 3919 373 3977 tendere:
396 3933 468 3976 oum
490 3912 596 3977 tribus
618 3910 800 3993 legionibus
821 3910 861 3974 fr.
884 3909 922 3975 V.
947 3914 995 3973 11.

228 4030 351 4089 ventre:
380 4045 455 4087 oum
484 4023 623 4088 Catilina
654 4022 723 4088 eat.
746 4028 830 4107 43,1.
865 4042 938 4085 oum
960 4019 1127 4084 Volturcio
1151 4020 1219 4085 (lat.
1244 4026 1293 4099 45,
1304 4061 1329 4105 3.

143 4158 216 4202 cum
248 4134 436 4201 custodibus
466 4134 535 4199 Cat.
558 4139 609 4212 46,
618 4174 642 4219 5.
674 4154 747 4198 cum
777 4153 897 4216 magua
925 4153 1023 4196 manu
1051 4132 1227 4218 Iug.12,3.
1257 4153 1330 4196 cum

141 4249 255 4333 paucis
278 4246 442 4331 equitibus
465 4246 532 4330 Ing.
556 4251 655 4331 25.10.
679 4267 752 4310 oum
774 4245 886 4311 Cassio
909 4244 977 4327 Iug.
1002 4249 1084 4330 33,1.
1116 4267 1188 4309 cum
1211 4265 1329 4328 magno

143 4362 290 4445 equitatu
311 4360 379 4443 Ing.
404 4365 487 4444 95,1.
516 4379 590 4423 cum
611 4357 760 4441 equitatu
782 4363 866 4444 96,1.
897 4378 970 4422 cum
999 4354 1144 4441 perstigia
1173 4362 1207 4422 et
1234 4361 1330 4440 parte

142 4474 307 4557 equitatus
396 4471 544 4555 pervenit
562 4471 631 4555 Iug.
656 4476 735 4556 75,1.
