3134 5042
722 344 939 404 ,72-

325 534 533 605 amaturum,
571 551 636 613 qua
673 529 746 612 quis
773 529 953 594 instructus
987 534 1037 594 est
1067 529 1228 614 signifieat
1262 552 1331 595 cum
1360 532 1424 614 lug.

240 648 343 729 105,,.
366 645 539 727 praeterea
569 641 637 707 iere
660 641 824 725 sagittarii
848 645 882 707 et
906 640 1023 707 cohors
1043 641 1198 726 Paeligna
1227 664 1294 708 oum
1324 649 1425 707 velita-

237 758 323 820 ribus
351 759 464 832 anais,
493 753 619 819 itineris
649 751 848 839 properandi
877 773 991 834 oausa3
1023 760 1227 819 vestimentum
1253 754 1321 820 Cat.
1345 760 1425 841 27‚2.

236 867 397 951 ipserum
420 872 579 931 teloesse.
612 865 652 931 of.
675 866 744 931 Cat.
766 871 818 944 49,
826 905 850 950 4.
886 869 924 930 ut
952 885 1050 949 grege
1082 865 1170 931 facto
1199 888 1267 931 cam
1295 873 1362 932 telis
1384 867 1427 931 ad

237 999 308 1044 sese
329 978 548 1063 irrumperent
566 978 635 1043 Cat.
660 983 741 1063 5⁰³2·

321 1090 488 1157 Interdum
510 1090 643 1176 ponitur
672 1110 739 1155 cum
760 1089 795 1154 in
817 1088 1015 1172 designando
1037 1109 1084 1169 eo,
1111 1090 1198 1173 quod
1219 1112 1276 1156 vas
1295 1090 1427 1174 aliquod

237 1202 382 1269 continet
403 1202 443 1268 of.
466 1202 535 1268 Cat.
558 1207 641 1288 46,6.
670 1201 823 1267 Flaccum
845 1206 1031 1286 praetorem
1052 1207 1200 1267 scrinium
1221 1224 1288 1267 oum
1307 1208 1426 1283 littorio,

237 1335 319 1398 quas
343 1313 503 1398 elegatis
525 1318 712 1398 acceperat,
735 1313 850 1379 eodem
874 1312 993 1379 afferre
1013 1313 1116 1398 jubet.

323 1425 510 1492 Formulom
532 1447 626 1507 „cum
648 1425 785 1511 imperio
810 1431 900 1490 esse“
923 1424 1071 1492 imitatus
1093 1432 1143 1491 est
1164 1424 1337 1492 Sallustius
1357 1428 1427 1511 lug.

238 1545 321 1626 ⁵⁰22·
345 1539 415 1624 ipse
438 1560 505 1604 cum
526 1538 677 1604 sinistrae
697 1537 769 1603 alae
792 1542 943 1617 equitibus
961 1557 1041 1602 esse.
1085 1559 1200 1603 cur-are
1219 1560 1287 1603 cum
1307 1540 1429 1623 legitur

236 1651 305 1735 lug.
328 1657 412 1738 46,7.
436 1672 508 1716 oum
531 1650 695 1734 equitibus
717 1649 864 1715 curabat.
886 1650 955 1733 lug.
978 1655 1083 1736 100,2.
1128 1650 1219 1716 Sulla
1244 1673 1317 1717 cum
1337 1653 1428 1735 equi-

236 1768 309 1829 tatu
332 1763 420 1848 apud
441 1762 617 1845 dextimos,
649 1763 683 1827 in
703 1762 836 1828 sinistra
865 1766 960 1845 parte
989 1762 1025 1826 Α.
1049 1761 1190 1828 Manlius
1219 1785 1292 1828 cum
1320 1763 1428 1830 fundi·

236 1875 363 1941 toribus
387 1880 420 1941 et
442 1875 631 1960 sagittariis,
655 1878 828 1959 praeterea
851 1873 994 1939 cohortis
1016 1873 1171 1957 Ligurum
1194 1874 1340 1941 curabat.

323 1988 469 2073 Operose
490 1987 645 2072 cogitatio
668 1992 701 2052 et
721 1986 886 2071 reputatio
908 1986 1003 2070 quasi
1024 1988 1252 2052 commercium
1274 1992 1335 2067 est,
1362 2010 1427 2071 quo

236 2101 309 2184 quis
339 2122 413 2166 oum
442 2100 549 2165 animo
577 2120 636 2165 suo
664 2099 734 2184 ipse
765 2098 905 2164 consulit
931 2102 964 2163 et
984 2099 1167 2183 reputando
1190 2100 1266 2184 agit
1309 2101 1426 2184 Itaque

235 2212 509 2298 praepositionem
532 2234 600 2278 cum
622 2213 828 2297 conjunctam
849 2211 986 2295 legimus
1009 2232 1083 2276 cum
1104 2211 1228 2277 verbis:

320 2335 487 2406 reputare:
516 2324 694 2390 sententias
724 2322 953 2388 nonnullorum
983 2322 1053 2407 ipse
1082 2345 1196 2388 mecam
1218 2330 1335 2409 reputo
1357 2326 1425 2391 Cat.

238 2442 321 2524 522.
351 2438 385 2502 in
408 2437 474 2502 otio
496 2436 621 2503 faoinns
653 2459 747 2502 suum
770 2458 838 2501 cum
867 2440 966 2499 orrimo
998 2439 1154 2519 reputans
1175 2437 1243 2520 lug.
1265 2443 1346 2523 13,5.
1374 2461 1425 2503 re·

235 2554 368 2634 putaret
396 2570 462 2614 oum
491 2555 591 2615 animo
620 2571 676 2614 sco
696 2549 765 2632 lug.
791 2554 841 2627 70,
848 2588 874 2634 5.
903 2552 1053 2632 reputate
1083 2569 1150 2612 cum
1179 2555 1289 2614 animis
1310 2552 1425 2616 vestris

236 2661 304 2745 lug.
327 2666 427 2746 85,10.

322 2778 458 2837 voluere:
478 2772 581 2838 multa
602 2772 672 2857 ipse
694 2794 796 2837 secum
817 2771 947 2837 volvens
970 2771 1037 2836 Cat.
1066 2777 1149 2858 321.
1173 2774 1212 2838 cf.
1228 2775 1296 2857 lug.
1320 2781 1422 2859 ll3‚1.

236 2885 339 2951 multa
361 2906 429 2950 cum
450 2889 550 2949 animo
570 2907 625 2950 auo
648 2883 799 2950 volvebat
819 2884 886 2967 Iug.
911 2889 939 2963 6,
947 2925 971 2969 2.
1004 2884 1206 2968 multumque
1236 2908 1303 2952 cum
1325 2893 1422 2952 animo

238 3018 296 3063 suo
320 2998 449 3063 volvere
470 2997 601 3062 solitum
624 3003 728 3083 108,3.

323 3116 462 3191 agitare:
485 3131 587 3175 secum
609 3110 679 3194 ipse
701 3110 837 3174 multum
865 3106 1039 3191 agitavisse
1061 3109 1129 3191 Iug.
1157 3115 1259 3196 ll3‚3.

324 3229 464 3289 trahere:
489 3223 604 3289 anxius
626 3221 757 3287 trahere
778 3242 845 3286 cam
869 3225 969 3285 animo
990 3242 1046 3285 suo
1069 3221 1137 3303 lug.
1160 3227 1243 3307 93η.

321 3341 452 3402 hahere:
476 3341 575 3419 atquo
598 3357 637 3401 ea
648 3335 744 3401 modo
762 3356 830 3400 cano
844 3338 944 3398 animo
966 3331 1097 3413 habore,
1120 3334 1238 3417 quibus
1257 3336 1424 3420 Hiempsal

235 3470 295 3534 per
318 3448 427 3514 dolum
450 3453 622 3531 caperetur
643 3448 712 3532 Ing.
738 3453 819 3532 ll,3.

321 3561 490 3627 Actionem
513 3581 714 3626 communem
736 3563 921 3644 spectamus
941 3559 975 3622 in
996 3557 1116 3638 verbis,
1138 3581 1222 3642 quae
1244 3560 1426 3643 significant

237 3674 379 3739 amioum
401 3672 554 3738 infestum
576 3673 626 3738 vel
650 3673 824 3737 inimicum.
846 3671 938 3736 Haeo
959 3675 1077 3753 regunt
1091 3674 1381 3756 praepositionem:

321 3790 497 3851 inimicitius
521 3806 688 3850 exercere:
713 3805 787 3849 cum
807 3783 864 3848 illo
887 3803 1001 3866 graves
1022 3783 1208 3850 inimicitias
1230 3786 1426 3852 exercebant

236 3898 305 3964 Cat.
327 3904 412 3984 49‚2.

322 4016 431 4076 hellam
457 4031 582 4092 perere:
621 4032 694 4075 oum
722 4030 799 4094 rege
828 4010 926 4075 Perse
953 4009 1021 4075 Cat.
1046 4015 1129 4095 5·l‚5.
1161 4031 1234 4074 oum
1264 4012 1425 4096 opulentis

236 4122 368 4206 regibus
392 4122 460 4188 Cat.
484 4127 534 4202 53,
544 4164 568 4207 3.
593 4144 666 4187 cum
687 4122 847 4205 Iugurtha
868 4123 936 4205 Iug.
964 4129 1024 4206 5,1.
1049 4126 1134 4206 73,7.
1158 4127 1257 4208 85,10,
1282 4129 1352 4203 110,
1362 4165 1385 4209 ⁷·

323 4238 431 4299 hellam
461 4256 600 4299 sumere:
642 4256 714 4299 cum
753 4254 830 4316 rege
867 4233 1082 4304 Macedonum
1119 4233 1268 4317 Philippo
1305 4235 1425 4301 bellum

238 4367 403 4429 sumpsere
424 4346 481 4429 Ep.
503 4344 613 4410 Mithr.
638 4353 665 4411 5.

324 4462 431 4521 bellam
447 4477 569 4534 ponere
611 4456 733 4522 bellum
755 4478 853 4539 grave
874 4479 946 4521 oum
968 4457 1102 4522 Etruria
1123 4458 1162 4521 f.
1184 4459 1207 4521 I.
1231 4464 1259 4524 9.
