3134 5042
718 384 936 445 ...52-

228 567 452 653 magnitudine
481 588 678 651 quamquam
712 589 774 633 non
806 568 885 632 satis
911 568 1003 651 justa
1033 567 1076 632 ad
1097 568 1332 652 proeliandum.
1376 569 1427 635 De

229 685 314 747 Liuio
337 679 450 746 confer
469 680 621 746 Kiihnast
641 703 673 764 p.
698 686 769 746 269.

320 797 458 859 Concilio
480 794 566 858 inest
586 793 621 858 in
642 792 694 857 his
716 791 887 858 ablativis:
919 813 1029 876 seque,
1052 793 1080 858 si
1103 794 1202 877 pauci
1222 793 1427 878 adjuvarent,

229 910 445 987 torquentibus
467 910 551 982 aliis,
579 905 736 990 impetum
761 905 796 969 in
819 904 945 971 curiam
967 904 1132 971 iacturum
1154 906 1222 973 Cat
1246 912 1331 993 43,3.
1360 926 1426 989 quo

228 1018 357 1084 facilins
378 1024 532 1098 appellato
556 1021 667 1084 Crasso
690 1039 750 1101 per
779 1018 971 1084 societatem
1005 1017 1143 1101 periculi
1171 1019 1316 1102 reliquos
1338 1018 1427 1084 illius

228 1130 376 1216 potentia
403 1134 531 1213 tegeret
561 1129 630 1196 Cat.
653 1135 704 1210 48,
713 1170 737 1216 4.
771 1140 865 1209 copto
893 1134 970 1195 urbe
1003 1129 1086 1195 nihil
1113 1129 1152 1196 fit
1182 1131 1302 1214 reliqui
1330 1130 1427 1195 uictis

229 1244 297 1309 Get.
321 1248 371 1323 52,
379 1283 403 1329 4.
425 1262 491 1326 quo
506 1241 663 1307 militibus
686 1252 859 1322 exaequato
877 1247 1020 1322 reiculo
1045 1242 1172 1308 animus
1188 1243 1427 1327 amplioresset

229 1355 298 1421 cat.
320 1362 402 1439 59,1.
436 1375 477 1421 ne
498 1355 625 1438 legatus
649 1359 773 1436 counito
794 1376 831 1419 re
852 1353 1081 1420 laborantibus
1105 1355 1173 1421 suis
1196 1355 1317 1421 auxilio
1340 1355 1428 1420 soret

229 1469 298 1551 Ing.
322 1472 404 1552 52„.
433 1471 548 1532 oaveat
568 1488 609 1533 ne
630 1472 681 1533 illo
703 1476 868 1533 cunctante
887 1467 1047 1533 Numidae
1077 1467 1140 1533 sibi
1164 1466 1336 1533 consulant
1354 1468 1426 1551 Ing.

230 1585 311 1666 62‚,.
340 1580 389 1645 ita
407 1577 567 1662 Iugurtha
594 1585 686 1645 ratus
711 1584 769 1648 aut
796 1591 892 1659 copto
919 1584 997 1645 urbe
1028 1600 1147 1663 operas
1174 1579 1316 1665 pretium
1345 1578 1426 1659 fore,

229 1697 288 1757 aut
310 1693 338 1757 si
432 1691 500 1775 lug.
526 1696 577 1772 81,
584 1734 609 1779 4.
640 1698 674 1757 et
694 1690 842 1777 profecto
872 1697 939 1757 cleis
954 1697 1136 1771 jocantibus
1166 1692 1274 1758 omnia
1295 1697 1428 1756 matura

230 1809 306 1870 sunt
328 1805 395 1887 lug.
420 1809 470 1884 85,
479 1845 520 1889 44.
550 1805 721 1882 Romanos,
744 1804 841 1869 sicuti
864 1804 1047 1888 plerosque,
1081 1815 1195 1869 remoto
1217 1814 1297 1869 meto
1318 1804 1427 1869 laxius

228 1914 443 2000 libentiusque
471 1915 599 1982 futuros
628 1916 696 2000 lug.
720 1922 801 2001 87,4.
831 1916 858 1982 si
891 1921 950 1982 aut
978 1917 1115 1981 Romani
1146 1916 1257 1982 Africa
1288 1917 1425 2001 expulsi,

230 2033 288 2093 aut
320 2033 450 2110 inteprts
485 2033 550 2093 suis
585 2032 699 2107 bubus
734 2027 856 2094 bellum
886 2028 1099 2112 compositum
1127 2027 1213 2095 foret
1241 2028 1310 2112 lug.
1340 2034 1426 2113 97‚2.
1560 2090 1561 2127 4

231 2139 370 2222 denique
392 2139 472 2205 nihil
493 2161 540 2205 me
561 2145 677 2206 sciente
699 2140 823 2207 frustra
845 2140 934 2206 voles
950 2139 1019 2223 Iug.
1039 2146 1110 2221 110,
1117 2181 1141 2227 4.
1165 2145 1274 2220 quibas
1290 2144 1425 2220 labefac-

230 2256 269 2316 tis
291 2273 390 2336 quam
412 2252 605 2319 formidatus
628 2258 678 2318 est
700 2258 769 2318 tam
794 2258 1019 2318 contemnetur
1041 2251 1094 2318 Or.
1117 2253 1195 2338 Lep.
1218 2257 1269 2318 24.
1292 2257 1325 2317 et
1342 2252 1425 2317 bene

224 2369 406 2444 meantibus
435 2371 482 2431 dis
512 2365 554 2430 M.
578 2365 751 2433 Aemilium
782 2363 947 2431 consulem
975 2364 1091 2430 ducem
1124 2370 1157 2431 et
1186 2369 1354 2430 auctorem
1375 2386 1426 2430 se-

231 2476 367 2561 quimini
387 2478 440 2543 Or.
463 2478 540 2563 Lep.
564 2482 615 2543 21.
644 2500 720 2544 mox
750 2484 870 2557 dempto
902 2488 983 2542 meto
1003 2478 1152 2543 lacerant
1173 2478 1227 2542 Or.
1250 2477 1350 2542 Maor.
1373 2481 1425 2542 21.

230 2590 328 2655 malle
357 2590 536 2675 prinoipem
566 2595 732 2656 uolentibus
761 2594 845 2656 uobis
872 2611 943 2655 esse
975 2611 1075 2673 quam
1104 2590 1168 2655 illis
1198 2589 1426 2655 dominationis

232 2703 354 2768 socium
383 2702 436 2766 Or.
460 2701 560 2768 Macr.
582 2708 633 2768 23.
678 2706 764 2767 uobis
795 2707 955 2782 oppressis
986 2707 1097 2768 utrum
1128 2701 1305 2768 firmiorem
1327 2705 1360 2766 te
1382 2700 1426 2766 ad

230 2813 447 2881 resistendum
469 2835 511 2878 an
533 2814 630 2879 finem
650 2814 727 2880 belli
750 2813 897 2880 futurum
921 2819 1018 2898 putes
1041 2815 1100 2899 Ep.
1124 2814 1235 2880 Mithr.
1260 2821 1308 2880 16.

316 2927 414 2992 Notio
435 2932 570 2992 causalis
591 2926 775 3011 praevalet:
811 2926 869 2992 sed
889 2926 947 2992 ubi
969 2927 1110 3011 primum
1133 2930 1234 2993 dubiis
1256 2931 1348 2992 rebus
1368 2946 1426 2990 no-

231 3039 329 3104 vaudi
348 3060 422 3123 spes
445 3039 557 3104 oblata
580 3044 639 3104 est¹
650 3039 719 3105 Cat.
745 3045 827 3125 394.
851 3043 1029 3123 postquam
1051 3037 1214 3104 hominem
1239 3038 1426 3103 adolescen-

231 3157 297 3217 tem
321 3161 432 3217 esccto
462 3173 521 3217 suc
550 3161 652 3217 aetate
682 3157 716 3218 et
738 3156 850 3231 parvis
884 3156 990 3217 liberis
1019 3152 1123 3235 magis
1149 3151 1319 3234 magisque
1340 3171 1425 3215 cres-

232 3285 305 3329 cere
334 3264 495 3348 intellegit
522 3263 591 3346 lug.
615 3270 676 3350 6,4.
710 3283 793 3347 quos
813 3268 947 3347 praeter
969 3262 1081 3346 fugam
1104 3270 1202 3328 soluto
1235 3267 1364 3343 imperio
1387 3261 1425 3326 li·

233 3374 339 3441 centia
366 3380 465 3459 atque
495 3375 630 3440 lascivia
662 3381 855 3459 corruperat
874 3376 941 3459 lug.
966 3381 1049 3461 39,5.
1080 3376 1181 3459 igitur
1203 3380 1315 3440 ceteris
1337 3380 1425 3440 metu

231 3493 383 3564 perculsis
405 3488 447 3554 M.
473 3489 616 3554 Scaurus
706 3492 831 3567 trepida
860 3489 1029 3553 etiamtum
1058 3493 1180 3553 ciuitate
1272 3487 1426 3553 effecerat

232 3602 304 3683 lug.
319 3606 369 3680 40,
379 3641 403 3685 4.
426 3605 574 3678 remissis,
597 3600 654 3683 qui
674 3599 709 3664 in
730 3599 895 3684 praesidio
914 3606 1017 3680 erant,
1040 3605 1074 3665 et
1089 3601 1198 3665 omnia
1208 3600 1312 3683 magis
1328 3620 1425 3682 quem

231 3713 391 3798 proelium
414 3717 663 3793 exspectantibus
684 3716 816 3796 portam
840 3712 963 3797 inrupit
985 3713 1054 3797 lug.
1078 3719 1161 3798 58„.
1192 3713 1240 3777 ita
1255 3722 1424 3792 prospectu

232 3829 376 3904 impedito
396 3826 519 3891 morari
540 3827 604 3890 iter
625 3826 695 3907 lug.
720 3830 804 3909 79„.
838 3829 874 3890 st
894 3824 1054 3891 Numidae
1082 3845 1181 3909 saepe
1210 3829 1309 3889 antea
1329 3829 1425 3889 uineis

233 3937 453 4002 Romanorum
474 3941 639 4013 subversis,
669 3937 747 4001 item
767 3941 902 4001 incensis
921 3958 986 4002 non
1016 3937 1140 4003 castelli
1162 3936 1332 4002 moenibus
1355 3957 1424 4001 sese

233 4049 428 4115 tutabantur
463 4051 531 4133 lug.
562 4056 613 4128 94,
620 4090 644 4135 4·
684 4048 838 4132 quoniam
872 4049 1035 4132 imperare
1064 4053 1255 4115 conturbatis
1291 4054 1424 4114 omnibus

233 4183 299 4227 non
321 4166 452 4245 poterat
472 4162 541 4245 Iug.
564 4167 651 4247 98,4.
683 4160 848 4244 dispersos
877 4161 997 4227 milites
1024 4182 1130 4245 neque
1159 4161 1266 4226 minus
1291 4166 1423 4227 hostibus
1530 4216 1532 4248 ,

234 4278 424 4339 conturbatis
445 4274 479 4338 in
499 4295 600 4340 unum
619 4272 785 4340 contrahit
805 4272 874 4357 lug.
890 4279 941 4356 98,
949 4314 974 4359 4.
997 4281 1079 4341 callo
1094 4278 1290 4339 subveniente
1311 4279 1423 4339 nostris

233 4391 428 4463 instantibus,
450 4385 593 4451 tumultu
611 4384 784 4450 formidine
807 4386 901 4468 quasi
923 4386 1075 4452 vecordia
1097 4392 1229 4470 ceperat
1249 4387 1318 4468 lug.
1342 4392 1421 4471 99,3.

237 4517 277 4562 sc
298 4496 393 4561 multi
414 4500 588 4561 uolneribus
610 4503 745 4576 acceptis
765 4517 873 4579 neque
895 4497 1009 4581 fugere
1039 4519 1135 4582 posse
1157 4520 1262 4582 neque
1284 4499 1421 4582 quietem
