3134 5042
614 379 830 440 ..65-

131 562 287 628 absolutis
308 562 409 628 veluti
439 562 527 648 apud
551 563 724 629 Gaesarem
753 562 830 629 bell.
859 562 933 646 gall.
955 569 1066 649 2,13,1.
1096 562 1217 629 Caesar
1239 568 1316 629 obsi-

33 723 36 729 .
132 679 217 739 dibus
239 681 375 755 acceptis
390 681 504 756 primis
526 676 666 742 civitatis
697 681 796 759 atque
818 676 921 760 ipsius
945 675 1070 741 Galbae
1090 677 1178 759 regis
1200 681 1317 742 dachas

127 793 200 865 siliis
295 789 329 853 in
360 787 558 853 deditionem
587 787 775 854 Suessiones
807 789 942 874 accepit.
974 787 1013 853 cf.
1037 793 1115 874 7,46.
1136 788 1211 854 bell.
1234 789 1317 854 civil.

131 906 158 980 3,
166 942 207 986 31.
229 901 363 967 Fischer
385 903 403 987 ᾗ
425 906 476 966 47.
522 900 725 966 Gravitatem
746 901 798 966 vel
820 900 1046 993 difficultatem
1070 901 1317 985 interpretandi,

130 1033 212 1096 quae
230 1012 302 1078 fieri
331 1018 450 1097 potest,
482 1012 540 1078 ubi
562 1013 744 1097 complures
774 1013 910 1079 ablativi
929 1018 1117 1097 sequuntur,
1140 1012 1224 1097 fugit
1245 1013 1316 1078 Sal·

129 1125 252 1190 lustius.
307 1131 456 1203 Quattuor
492 1125 627 1191 ablativi
656 1125 810 1209 leguntur
830 1125 899 1209 Iug.
924 1131 975 1207 92,
986 1166 1011 1212 5.
1027 1146 1097 1191 uno
1118 1130 1317 1209 perangusto

130 1237 219 1303 aditu
248 1238 372 1303 relicto.
396 1244 479 1324 98,5.
509 1244 650 1321 utroque
692 1238 774 1302 collo
806 1238 1014 1303 multitudine
1048 1236 1248 1303 circumdato
1277 1236 1317 1301 fr.

128 1350 182 1414 III.
213 1356 263 1415 26.
292 1350 550 1417 redundantibus
580 1350 699 1415 cloacis
728 1349 866 1416 adverso
896 1355 990 1416 aestu
1028 1350 1145 1431 maris3
1185 1355 1318 1430 quiaque

130 1462 195 1527 Cat.
219 1469 302 1549 46,2.
329 1464 363 1527 in
392 1464 533 1528 maximo
566 1463 687 1529 scelere
724 1464 826 1528 tantis
857 1463 980 1528 civibus
1010 1462 1219 1548 deprehensis
1249 1461 1317 1545 lug.

130 1580 210 1661 94,5.
236 1575 367 1640 interim
390 1574 539 1641 omnibus
555 1576 709 1641 Romanis
730 1575 944 1658 hostibusque
968 1574 1094 1658 proelio
1112 1575 1245 1640 intentis
1259 1575 1317 1658 Ep.

130 1687 237 1753 Mithr.
269 1693 317 1753 16.
349 1709 448 1770 regno
481 1688 609 1771 integro
642 1688 723 1753 meis
753 1687 911 1752 militibus
941 1687 1019 1752 belli
1041 1685 1257 1771 prudentibus
1279 1686 1318 1750 fr.

129 1800 193 1863 loc.
218 1800 460 1865 normannis
494 1799 631 1865 ducibus
653 1800 793 1865 fortibus
816 1801 1020 1881 strenuisque
1044 1798 1208 1878 ministris
1233 1797 1320 1881 quod

131 1911 304 1976 Diomedes
326 1933 357 1995 p.
381 1918 442 1977 447
467 1912 649 1996 exemplum
670 1912 893 1996 homoeoptoti
923 1911 1042 1976 attulit.
1086 1915 1206 1990 Septem
1229 1911 1319 1976 abla-

130 2024 186 2087 tivi
211 2029 342 2088 exstant
365 2023 452 2107 apud
477 2023 649 2089 Gaesarem
681 2024 755 2089 bell.
779 2023 853 2108 gall.
878 2029 907 2105 4,
919 2064 976 2109 Μ.
1012 2023 1098 2088 omni
1120 2022 1182 2088 hoc
1203 2024 1319 2089 itinere

133 2157 196 2200 una
217 2141 314 2200 nocte
339 2135 487 2218 equitatu
509 2136 664 2201 confecto.

216 2248 324 2312 Unum
350 2252 478 2312 tantum
507 2247 614 2314 locum
635 2248 751 2328 inveni,
782 2269 847 2331 qno
869 2269 932 2313 vox
954 2248 1065 2330 aliqua
1088 2248 1247 2313 enuntiati
1268 2269 1319 2312 rc·
1363 2301 1365 2305 .

129 2359 264 2441 serenda
295 2365 344 2425 est
380 2359 423 2425 ad
453 2359 632 2425 ablativum
665 2360 851 2426 absolutum
881 2360 949 2425 Cat.
981 2365 1064 2445 48„.
1098 2381 1161 2442 quo
1191 2359 1319 2425 facilins

131 2474 293 2555 appellato
317 2471 432 2537 Crasso
452 2494 511 2556 per
535 2473 723 2538 societatem
744 2472 883 2556 periculi
905 2473 1048 2556 reliquos
1069 2472 1156 2537 illius
1173 2473 1320 2556 potentia

129 2589 262 2667 tegeret.
307 2584 356 2649 De
378 2584 526 2664 Caesare,
550 2585 606 2667 qui
627 2585 712 2650 hanc
733 2591 932 2650 structuram
956 2584 1066 2649 multis
1078 2583 1159 2649 locis
1175 2583 1319 2663 adhibet,

131 2696 240 2761 confer
262 2696 396 2761 Fischer
420 2699 437 2781 ᾗ
460 2702 511 2761 47.
556 2695 643 2762 Satis
664 2697 769 2762 habeo
794 2719 893 2761 unum
908 2696 1089 2781 exemplum
1113 2696 1230 2762 afferre
1244 2695 1319 2761 bell.

130 2808 201 2889 gall.
228 2814 339 2894 ssarsar·
372 2809 492 2873 Caesar
515 2830 628 2873 rursus
651 2809 693 2873 ad
715 2808 879 2874 vexandos
901 2809 1011 2874 hostes
1023 2808 1189 2893 profectus
1202 2828 1320 2891 magno

132 2926 245 2985 coacto
266 2941 399 2985 numero
423 2941 462 2985 ex
484 2919 628 2986 finitimis
652 2921 838 2987 civitatibus
860 2922 894 2985 in
916 2943 1026 2986 ornnes
1047 2926 1159 3004 partes
1173 2920 1318 2985 dimittit.

215 3032 350 3097 Duobus
378 3032 474 3112 locis,
511 3033 544 3096 in
574 3034 692 3116 quibus
730 3033 932 3098 enuntiatum
969 3033 1140 3097 relativum
1173 3033 1321 3115 sequitur

19 3226 21 3237 .
132 3144 309 3210 ablativum
341 3144 542 3224 absolutum,
571 3145 723 3210 omissum
749 3152 798 3210 est
821 3144 1004 3229 subjeetum
1026 3143 1176 3225 ablativi3
1200 3144 1319 3209 subau-

131 3255 283 3321 diendum
314 3261 364 3321 est
390 3262 438 3322 iis.
469 3257 538 3340 lug.
563 3263 645 3342 58,1.
677 3261 822 3334 remissis,
855 3256 911 3339 qui
932 3256 966 3320 in
987 3254 1150 3339 praesidio
1173 3262 1267 3320 erant
1288 3261 1321 3321 et

132 3370 239 3432 omnia
266 3370 369 3452 magis
398 3389 495 3452 quam
525 3370 683 3453 proelium
710 3368 982 3452 exspectantibus.
1005 3369 1072 3452 lug.
1099 3374 1201 3454 106„
1231 3389 1320 3433 man-

133 3500 242 3546 surum
264 3482 373 3565 potius
396 3502 494 3563 qnam
511 3488 658 3560 proditis,
680 3479 761 3565 quos
783 3480 933 3561 ducebat,
964 3481 1054 3566 turpi
1076 3480 1155 3565 fuga
1175 3481 1321 3546 incertae
1384 3490 1386 3495 ’

197 3594 284 3657 vitae
305 3599 473 3677 parceret3
497 3598 604 3658 exstat
625 3594 693 3677 lug.
719 3600 822 3680 101,8.
855 3615 927 3659 cum
950 3594 1042 3659 Sulla
1066 3599 1244 3674 profitentis
1270 3599 1320 3670 iis,

132 3723 212 3785 quos
233 3705 404 3770 adversum
434 3705 527 3785 ierat,
556 3705 684 3771 rediens
712 3706 754 3771 ab
782 3705 886 3771 latere
908 3706 1031 3772 Mauris
1054 3706 1199 3771 incurrit.

216 3817 410 3900 Plerumque
426 3818 665 3902 conjunguntur
677 3818 740 3883 duo
751 3818 886 3883 ablativi
897 3818 1039 3884 absoluti
1052 3818 1277 3902 conjunctione
1292 3829 1321 3882 et

133 3927 170 3992 cf.
182 3928 240 4013 Ep.
263 3929 372 3994 Mithr.
396 3935 443 3995 15.
466 3930 533 4013 lug.
555 3937 583 4011 5,
591 3971 615 4015 4.
633 3935 717 4015 35„.
741 3929 780 3994 fr.
796 3930 821 3994 l.
838 3937 886 3996 74.
909 3930 964 3995 111.
980 3935 1030 3995 31.
1052 3930 1172 3995 omissa
1189 3935 1238 3994 est
1251 3928 1323 4012 lugj

133 4044 206 4126 99,3.
237 4041 326 4115 nullo
350 4042 559 4107 subveniente
582 4043 702 4107 nostris
733 4041 939 4107 instantibus.
963 4042 1021 4125 Ep.
1046 4040 1157 4105 Mithr.
1188 4047 1237 4107 13.
1263 4042 1320 4107 ab·

132 4158 248 4218 nuente
271 4153 420 4236 Tigrane,
451 4154 601 4237 quirnea
623 4153 712 4218 dicta
736 4175 808 4219 sero
830 4153 958 4238 probat,
986 4158 1019 4217 te
1042 4157 1167 4218 remoto
1197 4154 1320 4237 procul,

133 4264 279 4330 omnibus
309 4265 382 4330 aliis
412 4265 569 4331 obnoxiis.
594 4271 643 4331 16.
674 4265 822 4350 Tigranis
842 4286 942 4349 regno
964 4265 1101 4348 integro,
1132 4266 1213 4329 meis
1237 4266 1320 4330 mili-

133 4375 218 4441 tibus
245 4377 322 4442 belli
357 4377 581 4461 prudentibus.
617 4378 656 4441 ef.
681 4378 770 4443 Caes.
801 4377 875 4443 bell.
910 4376 985 4460 gall.
1008 4383 1120 4464 μω,
1149 4378 1213 4461 ipsi
1246 4398 1320 4442 con-

135 4486 307 4554 fertissima
330 4490 399 4554 acie
422 4490 544 4573 rejecto
567 4496 680 4555 nostro
701 4493 850 4573 equitatu
880 4489 1042 4573 phalange
1064 4489 1154 4554 facta
1173 4540 1180 4552 .
1198 4539 1225 4553 ..
1249 4510 1321 4554 suc·

1063 4598 1079 4647 5
