3134 5042
659 376 877 438 ,47-

22 580 29 635 Ιῑ
251 567 404 640 perettus:
432 573 541 641 quem
578 577 711 638 corpore
740 566 773 627 et
803 566 911 641 linqua
938 562 1098 645 percitum
1126 568 1160 628 et
1187 563 1365 647 inquietam

157 670 202 737 fr.
228 673 276 737 II.
301 679 349 739 35.

247 791 387 864 plures.-
414 783 492 869 quia
520 785 632 851 hostes
661 806 789 851 nummo
811 785 921 870 plures
943 791 977 851 et
1006 784 1149 870 undique
1178 786 1365 853 oiroumfusi

152 901 266 962 erant
291 896 360 981 Iug.
383 903 434 978 97,
441 938 466 984 ὅ.

247 1014 439 1089 posterius.-
460 1030 535 1075 nam
559 1031 671 1094 gerere
696 1031 796 1094 quarn
816 1009 888 1075 fieri
910 1019 1046 1091 tempore
1065 1010 1238 1094 posterius,
1257 1031 1294 1075 re
1315 1016 1364 1076 at-

149 1141 229 1203 que
256 1143 323 1186 usu
338 1126 433 1201 prius
457 1127 507 1188 est
527 1122 596 1206 lug.
619 1128 720 1208 85‚12.

249 1238 381 1312 potior:
402 1234 492 1299 illam
514 1234 653 1300 alteram
673 1239 776 1315 specie
799 1254 896 1317 quam
918 1257 977 1299 usu
999 1235 1159 1317 potiorem
1180 1234 1343 1321 Iug.lss‚5.

250 1351 369 1426 prior:
391 1346 439 1411 ita
461 1368 586 1411 numero
608 1347 735 1430 priores
756 1346 825 1429 Ing.
849 1352 933 1432 50,6.
963 1347 1042 1429 quia
1062 1356 1164 1412 aetate
1185 1352 1219 1412 et
1241 1351 1364 1427 sapien-

150 1462 204 1521 tia
230 1459 383 1541 priores
405 1460 571 1544 Iug.10,7.
599 1480 705 1543 neque
721 1465 848 1525 canalio
868 1479 973 1542 neque
991 1481 1083 1524 mauu
1105 1460 1247 1542 priorem
1265 1458 1365 1523 alium

151 1570 239 1652 pati
267 1570 340 1654 lug.
362 1577 414 1651 96,
424 1613 450 1658 3.

256 1694 438 1762 promptus:
468 1705 560 1749 muna
581 1689 752 1768 promptus
774 1688 849 1749 erat
869 1682 939 1749 Cat.
961 1688 1036 1768 43‚4
1066 1684 1135 1766 Ing.
1160 1689 1220 1769 7‚1.
1257 1688 1365 1764 linqua

157 1814 276 1876 quam
298 1817 390 1861 muna
416 1797 598 1881 promptior
619 1796 687 1880 lug.
711 1802 798 1882 44‚1.
836 1802 869 1860 et
889 1795 923 1860 in
944 1795 1077 1880 proeliis
1101 1804 1175 1860 ortu
1195 1800 1365 1879 promptus

160 1905 207 1971 ir.
232 1908 306 1972 Ine.
330 1913 380 1972 31.

263 2024 400 2099 quietas:
424 2042 514 2100 quam
528 2040 626 2104 super
641 2024 721 2085 omni
737 2040 869 2099 corpore
887 2019 1017 2103 quietus
1028 2018 1172 2084 insidens
1191 2019 1230 2084 fr.
1244 2020 1300 2084 Ill.
1316 2025 1364 2086 19.

261 2153 397 2197 vomas:
424 2131 607 2198 consedisse
624 2133 694 2216 jam
717 2137 750 2197 et
771 2137 871 2198 animo
893 2152 1031 2196 vacuum
1053 2131 1122 2214 Ing.
1143 2136 1229 2216 52,6.

261 2250 384 2309 uarius:
406 2244 543 2310 multum
564 2245 748 2328 agitavisse,
771 2265 903 2324 corpore
920 2243 1046 2326 pariter
1067 2247 1167 2326 atque
1190 2249 1289 2308 animo
1309 2265 1364 2309 va-

168 2356 242 2421 rius
267 2357 336 2439 lug.
361 2362 430 2436 113,
438 2399 463 2443 3.

262 2475 437 2534 vehemens:
459 2480 574 2534 nutura
596 2468 697 2548 ferox,
719 2469 891 2535 vehemens
913 2469 981 2534 Cat.
1005 2473 1089 2553 43‚4.

263 2581 439 2646 Praeterea
469 2581 676 2647 inveniuntur
708 2578 843 2646 ablativi
874 2580 1154 2646 substantivorum
1183 2586 1365 2647 numerosi

169 2698 309 2758 nomine.

263 2804 332 2888 lug.
356 2810 427 2891 53‚4
448 2826 575 2871 numero
598 2805 826 2889 quadraginta,
849 2805 1021 2871 interfeoti.
1051 2804 1119 2888 lug.
1143 2809 1216 2890 93,3
1239 2826 1364 2870 numero

172 2916 320 3000 quinque
343 2937 442 3000 quam
465 2917 684 2983 velocissimos
706 2917 835 3001 delegit.

263 3035 383 3094 nomine
405 3029 547 3095 Massiva
570 3030 638 3113 lug.
655 3035 726 3115 35,l
752 3030 862 3096 Vaoca
881 3029 950 3112 lug.
964 3034 1035 3114 47,1
1060 3028 1190 3094 Muthul
1211 3029 1279 3112 lug.
1291 3029 1363 3114 4'8,3

174 3141 277 3207 Zama
299 3140 367 3225 Ing.
391 3147 461 3226 56ss
488 3140 606 3206 Gauda
628 3141 697 3223 lug.
712 3147 786 3226 65,l
812 3140 918 3224 (lapsa
934 3147 1011 3224 89,4
1034 3142 1140 3223 Aspar
1150 3144 1240 3225 108‚1
1266 3139 1366 3205 Corsa

175 3251 216 3317 fr.
240 3253 280 3317 II.
304 3259 333 3318 8.
356 3251 512 3338 Publipor
534 3251 573 3316 fr.
596 3252 651 3316 III.
676 3257 726 3317 69.

266 3364 438 3431 Sallustius
468 3364 576 3429 dicere
604 3367 736 3447 poterat
762 3364 831 3447 Ing,
858 3369 942 3449 78,2.
976 3384 1052 3429 nam
1077 3362 1142 3428 duo
1172 3369 1248 3430 suut
1277 3364 1366 3429 sinus

175 3499 280 3564 prope
309 3478 343 3542 in
367 3482 514 3542 extrema
543 3475 654 3541 Africa
688 3480 824 3556 impares
853 3481 1081 3558 aspritudine,
1113 3497 1213 3556 pares
1240 3486 1364 3543 natura.

177 3591 243 3656 Sed
264 3572 459 3655 attractione
485 3587 625 3673 quadam
648 3588 801 3672 legimus:
845 3610 922 3654 uam
942 3589 1007 3655 duo
1030 3593 1105 3655 sunt
1126 3589 1215 3654 sinus
1311 3594 1365 3654 im-

170 3724 271 3783 pares
292 3706 512 3783 aspritudine,
536 3705 614 3781 pari
637 3711 762 3778 nutura,
791 3702 840 3768 ita
860 3709 898 3768 ut
925 3703 1044 3768 existet
1065 3705 1215 3766 ablativum
1236 3707 1365 3780 qualita-

177 3820 226 3892 tis,
249 3814 305 3898 qui
329 3813 457 3879 dieitur.
501 3813 595 3894 Quod
619 3813 682 3878 hoc
704 3813 800 3879 modo
821 3818 913 3880 ortus
936 3819 986 3880 est
1007 3817 1100 3898 patet
1121 3834 1186 3878 non
1207 3812 1269 3877 nisi
1290 3833 1365 3878 eon·

174 3927 324 4011 junctum
346 3947 418 3992 oum
442 3924 602 4009 adjectivo
633 3925 744 4008 aliquo
773 3925 981 3992 scribendum
1010 3946 1081 3990 esse
1109 3924 1210 3991 illum.
1254 3924 1366 3990 Multis

177 4038 257 4103 loeis
279 4034 400 4121 pendet
421 4036 584 4102 ablativus
606 4056 646 4101 ex
674 4035 774 4103 verbo
797 4058 878 4104 esse:
910 4059 948 4104 ea
969 4042 1202 4103 mansuetudine
1223 4041 1257 4101 et
1278 4041 1365 4101 mise·

177 4155 317 4216 ricordiu
338 4149 494 4235 populum
517 4148 698 4214 Romanum
720 4169 848 4232 semper
877 4148 978 4214 fuisse
1000 4148 1069 4214 Cat.
1093 4153 1176 4235 34,1.
1209 4148 1259 4214 uti
1285 4155 1366 4231 forti

178 4268 277 4346 atque
304 4271 421 4342 parato
455 4261 563 4327 animo
595 4260 666 4325 sitis
697 4260 766 4326 Cat.
791 4267 841 4342 58,
852 4302 876 4347 3.
929 4281 995 4344 qua
1024 4282 1178 4345 magnum
1208 4266 1241 4327 et
1269 4266 1365 4327 atrox

177 4381 326 4454 variaque
348 4379 476 4439 notoria
498 4373 561 4437 fuit
582 4372 650 4455 lug.
665 4379 725 4458 5‚1.
751 4371 809 4438 ubi
832 4373 971 4456 primum
996 4372 1145 4454 adolevit,
1168 4373 1294 4458 pollens
1318 4374 1364 4438 vi·

177 4488 277 4566 ribus,
301 4494 415 4552 deeora
432 4491 520 4567 lucie
541 4485 609 4568 lug.
634 4491 697 4570 ill.
720 4491 757 4551 ut
779 4491 852 4550 erat
873 4491 1005 4566 imploro
1028 4491 1127 4569 atque
1149 4492 1218 4551 acri
1240 4492 1364 4566 inperio
