3134 5042
705 392 747 404 ..
792 354 919 417 82¹-

307 546 436 606 ondire·
457 539 570 605 audire
593 539 722 605 sobtum
745 560 786 605 ex
808 538 949 605 Gabinio
971 538 1041 604 Cat
1063 543 1147 623 47η.
1178 557 1218 602 ex
1240 537 1412 603 Volturcio

221 658 279 717 ant
301 652 531 735 Allobrogibus
553 654 622 717 Cat.
646 658 697 729 49,
707 693 731 738 4.

306 785 510 845 coonoscore:
534 785 574 829 ex
596 784 634 829 eo
657 785 753 847 quem
776 763 819 828 ed
840 768 874 830 te
897 763 971 829 misi
994 762 1063 829 Cat.
1084 768 1136 843 44,
1144 802 1169 847 4·
1201 783 1242 828 ex
1262 761 1412 845 perfugis

220 878 288 943 Cat.
314 883 397 963 57,3.
442 898 482 941 ex
504 877 623 942 litteris
645 877 713 959 lug.
737 882 801 962 9,3.
833 896 874 941 ex
896 875 1042 960 perfugis
1062 875 1131 958 lug.
1156 879 1237 960 73,1.
1268 895 1309 939 ex
1327 896 1412 939 nun·

219 989 273 1054 tiis
295 989 362 1071 lug.
382 995 465 1075 94‚3.
495 1009 535 1053 ex
551 988 662 1054 multis
682 987 749 1071 lug.
773 994 858 1073 97‚4.
888 1008 929 1053 ex
946 986 1206 1072 speculatoribus
1224 987 1411 1073 Ing.106‚2.

220 1122 260 1166 ex
283 1101 375 1166 Sulla
396 1100 464 1184 lug.
491 1105 598 1186 ¹l2sr·

304 1234 452 1279 noscere:
485 1234 524 1277 ex
559 1233 624 1295 quo
653 1217 825 1295 praesente
847 1231 925 1277 rere
955 1211 1108 1277 facillime
1135 1215 1348 1276 noscerentur
1370 1210 1411 1275 f.

219 1324 274 1389 lll.
299 1326 387 1390 bist).
417 1325 593 1390 manifesta
613 1325 717 1408 magis
738 1346 778 1389 ex
800 1324 857 1389 illo
880 1323 1003 1389 habere
1024 1323 1093 1406 lug.
1117 1328 1167 1403 33,
1175 1364 1200 1409 4.

305 1457 474 1516 womero:
497 1458 537 1502 ex
558 1436 708 1520 patribus
736 1435 845 1501 Albini
867 1440 926 1502 aut
947 1435 1078 1502 Bestiae
1102 1435 1170 1519 lug.
1193 1442 1292 1522 85,15.

304 1548 417 1632 heque
440 1549 536 1614 aliter

304 1681 453 1740 sperare:
475 1681 516 1726 ex
536 1660 674 1726 victoria
695 1660 778 1725 talia
800 1658 956 1744 sperabat
973 1661 1042 1726 cot
1066 1663 1148 1746 tim.

304 1783 451 1838 memore:
479 1771 535 1838 alii
565 1793 605 1838 ex
635 1772 779 1855 partium
807 1771 930 1837 invidia
952 1772 1100 1857 pericula
1127 1774 1308 1836 metuentes
1338 1770 1409 1854 Iug.

218 1890 302 1970 40‚2.
347 1885 375 1949 si
397 1884 577 1969 periculum
599 1904 640 1949 ex
661 1884 725 1950 illis
748 1885 866 1949 metuit
887 1884 956 1949 Cat.
980 1888 1076 1970 ὅλῃ.

304 1997 559 2061 Instrumentum
581 1995 633 2061 rel
663 1996 885 2080 adjumentum
909 2016 1034 2080 exque
1064 1995 1175 2078 aliqua
1196 2015 1249 2059 res
1270 1995 1410 2060 sumitur

218 2108 413 2190 intelligitur
435 2108 502 2173 Cat
520 2114 603 2194 35³³·
634 2129 699 2173 non
722 2108 800 2192 quia
820 2128 876 2174 aes
900 2107 1041 2173 alienum
1062 2108 1142 2173 meis
1164 2106 1347 2172 nominibus
1368 2127 1409 2170 ex

214 2224 459 2299 possessionibus
481 2226 599 2285 solvere
620 2240 685 2285 non
705 2240 843 2302 possem.
867 2218 936 2285 (lat.
957 2225 1055 2305 5212.
1096 2219 1162 2284 sint
1183 2239 1262 2283 sane
1284 2268 1312 2283 ..
1335 2222 1408 2282 iibe-

217 2338 302 2396 roles
326 2353 366 2397 ex
388 2336 540 2397 sociorum
557 2338 706 2412 fortunis,
730 2332 796 2396 sint
814 2331 1039 2397 misericordes
1061 2332 1096 2397 in
1117 2331 1245 2396 furibus
1268 2330 1383 2395 aerari.

304 2443 438 2508 Modum
461 2448 495 2507 et
517 2444 621 2527 legem
644 2443 788 2527 aliquam
810 2443 861 2508 vel
881 2442 1099 2509 conditionem
1131 2465 1171 2508 ex
1194 2464 1259 2527 qua
1280 2443 1408 2507 interno

220 2554 361 2638 quodam
381 2575 467 2621 nexu
490 2554 601 2639 aliqua
616 2576 668 2620 res
692 2554 821 2639 pendet,
845 2555 1007 2639 significat
1027 2556 1227 2640 praepositio
1248 2576 1298 2621 ex.
1341 2554 1409 2618 Nos

217 2667 373 2731 vertimus
402 2670 585 2749 ‚‚gemiiss“:
623 2687 663 2732 ea
691 2688 745 2732 res
779 2672 915 2733 cunetas
936 2689 977 2732 ex
999 2672 1126 2733 libidine
1151 2687 1249 2751 quam
1280 2687 1321 2731 cx
1334 2686 1407 2730 oero

218 2778 364 2844 celebrat
386 2777 604 2862 obscuratque
627 2779 696 2845 Cat.
714 2784 776 2864 8,1.
822 2778 985 2844 amicitias
1005 2779 1258 2862 inimicitiasque
1279 2799 1344 2843 non
1367 2798 1407 2841 ex

221 2911 258 2955 re
280 2891 338 2955 sed
360 2912 401 2955 en
430 2898 582 2956 commodo
613 2891 788 2956 aestimare
818 2890 887 2956 Cat.
914 2895 996 2977 low.
1040 2911 1075 2957 se
1105 2912 1146 2956 ex
1167 2897 1322 2956 volontate
1343 2891 1406 2954 An·

215 3003 305 3066 tonio
334 3024 468 3068 usurum
499 3002 567 3068 Cat.
592 3008 675 3088 26‚1.
734 3022 820 3085 quae
856 3024 897 3068 en
918 3008 1072 3067 voluntate
1101 3002 1210 3068 forent
1239 3003 1310 3086 regi
1337 3002 1405 3084 lug.

217 3119 300 3198 «lb,4.
353 3135 393 3178 en
420 3114 544 3180 Metelli
580 3121 734 3180 coloniole
762 3114 885 3179 bellum
913 3114 1072 3179 intactum
1109 3114 1197 3179 trahi
1225 3114 1295 3197 lug.
1324 3117 1406 3199 83,3.

218 3246 257 3289 ex
283 3232 438 3291 coloniole
456 3226 565 3291 Sullae
588 3227 696 3292 omnia
718 3247 752 3290 se
774 3226 937 3290 facturum
958 3226 1122 3308 promittit
1141 3225 1210 3309 lug.
1239 3230 1308 3305 111,
1315 3267 1341 3311 3.

304 3358 344 3402 ox
366 3348 493 3403 sonolns
522 3345 658 3403 consulto
667 3367 675 3402 .·
712 3358 813 3403 causo
841 3337 971 3421 cognita
1000 3338 1035 3402 in
1064 3337 1193 3403 vincula
1222 3338 1407 3422 conjecerat

217 3450 285 3515 cat.
310 3454 393 3536 lap.

304 3583 345 3627 en
364 3565 466 3626 senati
488 3567 612 3627 decreto
633 3562 778 3626 nuntiari
795 3561 891 3646 jubet
913 3562 981 3645 lug.
1005 3566 1055 3641 28,
1064 3602 1089 3648 3.

304 3694 344 3737 ox
365 3679 474 3738 consili
497 3681 620 3738 decreto
646 3694 707 3758 per
728 3673 854 3755 legatos
872 3673 1050 3756 Iugurthae
1071 3673 1213 3757 imperat
1233 3673 1301 3757 Ing.
1322 3679 1405 3760 625.

305 3806 345 3849 en
369 3790 496 3850 Momiiii
516 3791 678 3866 repotione
702 3790 770 3849 tres
793 3786 997 3868 quaesitores
1018 3791 1213 3870 rogarentur
1231 3786 1299 3868 lug.
1321 3793 1404 3871 loq.

305 3918 345 3961 en
360 3909 550 3977 praecepto:
584 3897 749 3963 Ciceronis
777 3919 838 3982 per
860 3897 1036 3963 Gabinium
1058 3902 1184 3963 ceteros
1213 3898 1406 3964 conveniunt

216 4008 285 4073 (lat.
307 4015 391 4094 44,1.
446 4030 487 4074 ex
515 4015 692 4094 praecepto
722 4002 809 4093 reg'is
837 4010 1021 4092 hospitibus
1052 4009 1190 4092 aliisque
1288 4031 1406 4093 magna

205 4141 353 4185 munera
375 4121 492 4187 misere
511 4122 579 4204 lug.
599 4127 647 4202 13,
657 4163 680 4207 Ἰ.
704 4143 744 4187 ex
766 4127 943 4206 praecepto
965 4126 1095 4205 tempus
1116 4123 1220 4188 visum
1242 4123 1405 4209 Iug.94,1.

303 4252 343 4296 ex
365 4237 508 4298 libidine:
532 4254 591 4297 sua
611 4255 670 4299 uso
692 4234 812 4299 multos
834 4234 982 4299 mortalis
1003 4233 1091 4298 ferro
1114 4239 1173 4300 aut
1194 4233 1272 4317 fuga
1287 4235 1406 4299 exstin-

216 4344 265 4408 xit
287 4342 355 4426 lug.
372 4349 456 4429 42,4.
509 4345 595 4427 quod
617 4345 681 4410 nisi
701 4367 741 4411 ex
762 4345 898 4410 libidine
920 4346 1007 4411 illius
1029 4347 1099 4429 geri
1118 4367 1182 4412 non
1204 4351 1317 4431 posset
1337 4347 1404 4428 lug.

217 4461 267 4531 54,
279 4495 304 4539 5.
350 4474 391 4518 ex
411 4452 546 4518 libidine
570 4453 659 4536 leges
681 4456 885 4538 imperantur
907 4458 960 4521 Or.
982 4457 1063 4521 Phil.
1090 4464 1138 4523 l'i.
