3134 5042
714 309 908 370 ...g-

217 499 297 579 25,11
324 492 365 558 ab
395 494 645 578 oppugnatione.
682 494 854 562 Gaesarem
879 499 913 560 et
933 494 1060 560 Livium
1081 495 1246 561 rarissime
1268 515 1411 579 praepo·

217 606 407 671 sitionema
432 605 483 672 vel
505 605 546 672 de
568 626 690 691 ponere
711 610 854 673 testatur
874 605 1026 671 Kiihnast
1046 628 1077 690 p.
1103 612 1173 673 168.

304 721 446 797 digredi:
478 723 564 785 domo
584 718 654 803 lug.
677 723 743 804 79„
766 722 889 800 alpibus
911 717 949 783 fr.
972 718 1025 784 IV.
1049 722 1100 784 28.
1143 717 1410 804 Praepostionem

217 851 238 895 a
261 829 368 895 inveni
391 828 520 897 duobus
542 829 703 914 locislug.
729 835 807 917 lssm
833 834 968 914 propter
988 829 1228 897 multitudinem
1250 854 1271 898 a
1291 853 1411 916 paren-

216 940 306 1007 tibus
324 941 469 1025 digressi.
502 941 541 1007 ir.
570 941 627 1007 ΠΙ.
658 947 708 1009 49.
737 962 758 1008 2
787 942 890 1008 Tanai
919 941 1051 1008 flumine
1080 942 1256 1026 digressae.
1298 942 1411 1009 Livius

217 1053 352 1120 adhibet
371 1053 646 1137 praepositionem
669 1074 699 1133 a,
722 1053 822 1121 semel
844 1076 885 1121 ex
907 1060 1029 1142 35,33,11

306 1170 433 1247 effredi:
453 1165 646 1250 plerumque
662 1166 870 1251 conjungitur
881 1187 955 1232 cum
976 1166 1136 1233 ablativo:
1160 1167 1326 1234 deuocat
1342 1173 1410 1253 64„

217 1283 308 1345 curio
327 1278 396 1361 lug.
422 1282 487 1364 ltu„
512 1281 607 1343 Romo
628 1278 696 1362 lug.
718 1283 800 1365 35‚10
818 1284 985 1359 prouincia
1013 1279 1083 1363 lug.
1114 1284 1182 1365 44,4
1205 1285 1315 1346 ordine
1336 1281 1405 1364 Ing.

217 1395 284 1477 45,
308 1390 503 1474 curtrulug.
516 1395 582 1476 91,3
600 1394 667 1476 93,
690 1394 804 1470 oppido
815 1390 883 1475 Iug.
906 1397 983 1478 9l,4.
1028 1390 1294 1458 unoloooinveni
1315 1414 1410 1476 prae-

216 1501 411 1587 positionem
448 1522 505 1582 ex,
540 1522 639 1586 quam
670 1500 797 1583 Livius,
836 1502 965 1584 Cicero,
1003 1503 1125 1571 Caesar
1152 1524 1275 1588 ponere
1304 1503 1410 1570 solent

218 1614 287 1680 Cat.
310 1619 387 1701 lap
439 1612 618 1697 egredienti
640 1633 681 1679 ex
701 1624 822 1681 scama.

305 1744 340 1790 se
363 1745 541 1807 emeram.-
563 1725 694 1809 navigia
707 1732 811 1806 flando
832 1726 871 1793 fr.
895 1727 933 1793 V.
955 1732 1006 1793 22.

305 1843 455 1903 madae:
475 1842 589 1918 oppido
609 1838 678 1922 lug.
700 1843 777 1924 bbg.

304 1969 484 2032 erumpere:
502 1954 607 2029 portis
626 1950 695 2033 lug.
718 1956 783 2036 99,1
810 1948 850 2016 cf.
866 1950 987 2017 Caesar
1008 1951 1082 2018 bell
1106 1951 1188 2017 civil.
1210 1958 1298 2038 3‚44,4
1320 1958 1405 2038 2,14‚1

217 2063 365 2146 Draeger
378 2084 410 2147 p.
433 2066 505 2128 512.
549 2061 754 2146 Praepositio
778 2084 819 2128 ax
839 2063 949 2147 posita
970 2067 1021 2129 est
1041 2063 1080 2130 ir.
1100 2064 1156 2130 ΠΙ.
1178 2069 1218 2130 41
1243 2085 1284 2129 ex
1302 2064 1408 2129 Ponto

218 2174 266 2240 vis
287 2174 426 2259 piscium
448 2174 598 2259 erumpit

306 2291 501 2367 experpirci:
522 2307 627 2352 somno
649 2291 859 2372 experrectus
881 2287 950 2372 lug.
972 2291 1047 2374 72,

298 2402 478 2480 proficisci:
500 2399 708 2484 conjunctum
731 2403 782 2465 est
805 2420 878 2465 cum
890 2398 1035 2467 ablativo
1059 2404 1145 2465 domo
1166 2399 1235 2483 lug.
1259 2406 1412 2485 79,4oum

217 2510 460 2596 praepositione
483 2531 523 2576 ex
545 2511 614 2577 022.
640 2516 707 2598 44„
732 2532 772 2577 ea
794 2516 880 2577 urbe.

305 2623 440 2707 Semper
468 2644 541 2688 cum
562 2622 860 2708 praepositionibus
890 2624 1134 2708 conjunguntur
1155 2623 1271 2704 verba,
1293 2623 1412 2708 quibus

217 2735 304 2801 inest
325 2735 415 2800 notio
446 2735 644 2801 remotionis.
689 2734 754 2801 Sed
778 2735 899 2819 duplex
925 2734 1007 2801 haec
1029 2739 1089 2814 est,
1110 2756 1187 2800 nam
1208 2739 1267 2801 aut
1287 2735 1411 2801 recedi-

218 2868 290 2912 mus
313 2846 355 2912 ab
378 2846 490 2931 aliqua
510 2868 547 2913 re
559 2847 611 2912 vel
626 2846 819 2927 detinemur,
842 2852 901 2913 aut
915 2867 1118 2914 removemus
1139 2868 1208 2913 rem
1230 2851 1264 2912 et
1285 2854 1412 2913 remota

218 2979 277 3025 nos
287 2959 475 3026 liberamus.
502 2959 619 3043 Itaque
633 2957 734 3026 verba
745 2958 925 3040 absentiae,
945 2959 1161 3040 alienationis,
1183 2960 1410 3044 separationis,

217 3071 469 3155 prohibitionis,
500 3069 684 3154 divisionis,
725 3071 969 3157 cunjunguntur
997 3093 1071 3139 cum
1100 3073 1342 3158 praepositione
1373 3077 1411 3138 ab

218 3183 270 3249 vel
289 3204 330 3250 aa
352 3183 392 3250 cf.
417 3184 516 3251 Hand
530 3184 646 3250 Tursel
666 3186 690 3250 Ι.
708 3207 740 3270 p.
764 3190 814 3251 31.
859 3183 955 3270 Apud
968 3183 1159 3251 Sallustium
1172 3190 1302 3252 exstant
1314 3186 1411 3252 haec:

304 3302 430 3364 werse:
461 3321 482 3364 o
503 3303 656 3379 peracuto
680 3297 820 3365 aberant
848 3298 917 3364 022.
947 3303 993 3384 6„
1022 3319 1128 3383 neque
1157 3299 1284 3364 animus
1306 3319 1412 3382 neque

219 3431 338 3496 corpus
360 3433 381 3476 a
401 3416 484 3476 uobis
515 3410 622 3476 aberit
643 3411 711 3477 022.
736 3416 829 3497 long.
875 3410 998 3477 Brutus
1021 3416 1059 3477 ab
1081 3415 1179 3476 Romo
1207 3411 1323 3477 aberat
1342 3411 1411 3477 Cat.

219 3529 285 3610 tog
310 3527 349 3589 cb
367 3528 466 3604 siquis
481 3523 598 3589 aberat
608 3523 676 3607 lug.
699 3529 767 3612 44g
791 3545 811 3588 o
834 3544 892 3603 qao
915 3522 1032 3589 aberat
1051 3523 1225 3607 monslug.
1242 3529 1308 3611 48„
1331 3545 1412 3608 pau·

217 3635 286 3701 lum
307 3658 328 3701 o
344 3642 427 3717 sape
457 3635 597 3701 aberant
624 3636 815 3720 Iug.101,3.
860 3633 1039 3701 Nonnullos
1067 3635 1157 3702 locos
1188 3657 1229 3701 ex
1255 3636 1410 3703 Cicerone

219 3753 375 3832 sumptos,
407 3747 526 3832 quibus
555 3752 665 3814 exstat
693 3746 866 3827 ablativus,
895 3745 1215 3833 affertDraegerp.
1239 3747 1409 3815 524122.

219 3863 290 3946 lg„
317 3864 418 3946 15,st
462 3858 590 3926 Tuscul.
603 3866 673 3947 537.
697 3858 750 3926 off.
773 3858 798 3923 Ι.
823 3863 872 3924 14.
917 3858 1027 3925 Livius
1043 3861 1154 3926 novies
1169 3864 1298 3925 tantum
1320 3859 1411 3926 abla-

219 3972 321 4037 tivum
339 3971 435 4056 ponit
456 3972 495 4038 cf.
518 3970 671 4038 Kiihnast
691 3995 722 4057 p.
748 3977 819 4039 leo.

304 4087 392 4149 ubire
414 4083 587 4150 Sallustius
618 4104 746 4170 semper
774 4083 941 4170 conjungit
970 4104 1042 4149 cum
1073 4083 1316 4168 praepositione
1350 4106 1410 4149 ex:

220 4217 260 4261 er
274 4200 386 4276 patric
401 4196 469 4279 Iug.
493 4200 556 4281 35„
581 4217 622 4261 ex
642 4205 808 4276 conspecta
827 4196 897 4279 lug.
920 4201 984 4281 68„
1010 4217 1051 4261 ex
1073 4200 1186 4261 costra
1208 4196 1277 4278 Iug.
1308 4200 1410 4276 1012.

308 4306 422 4373 Cicero
452 4307 558 4373 utitur
587 4307 780 4392 plerumque
808 4307 1050 4392 praepositione
1079 4328 1100 4373 o
1128 4306 1236 4372 rarius
1259 4327 1286 4386 e,
1315 4307 1356 4374 de
1379 4310 1412 4372 et
