3134 5042
663 433 875 493 ..61-

160 618 285 702 incipit
314 619 379 701 lug.
402 620 477 698 66η.
512 617 564 680 ita
592 624 739 693 perculsu
761 622 917 681 nobilitate
1006 639 1088 683 novo
1109 619 1231 684 homini
1254 641 1369 685 consu-

160 731 259 795 latus
283 730 458 795 mandatur
483 729 552 812 lug.
577 734 659 814 idq.
682 730 731 794 uti
753 751 850 814 saepo
870 732 939 814 jam
962 737 1039 794 nicto
1061 735 1215 811 quurtbu
1236 753 1370 798 consue-

157 847 263 907 verat
287 843 357 927 Ing.
381 847 464 927 82‚1.
495 862 533 906 eo
563 841 659 907 modo
690 861 788 925 saepe
818 841 860 907 ab
882 846 1022 925 utroque
1051 848 1151 907 missis
1173 849 1369 924 remissisque

154 960 291 1019 nuntiis
314 960 444 1039 tempus
465 954 642 1038 procedere
665 955 734 1038 Ing.
758 961 844 1041 83‚3.
873 954 1028 1020 adhibitis
1061 956 1174 1021 amicis
1197 976 1236 1020 ao
1259 958 1369 1022 statim

153 1072 332 1132 immutato
352 1073 507 1132 uoluntate
528 1067 661 1132 remotis
684 1066 803 1133 dicitur
825 1087 936 1132 secum
957 1067 1027 1152 ipse
1043 1067 1180 1132 multum
1195 1069 1369 1152 agitavisse

152 1179 233 1262 Ing.
262 1184 371 1265 naq.
402 1179 455 1245 cui
476 1180 594 1245 misero
617 1188 688 1244 uota
705 1179 775 1263 jam
798 1190 899 1245 netute
928 1201 969 1245 ne
998 1185 1136 1246 mortem
1158 1179 1288 1264 quidem
1310 1180 1369 1246 bo-

153 1297 302 1357 nesbam
321 1312 454 1376 sperare
475 1292 553 1357 licet
574 1292 627 1357 Or.
651 1292 733 1357 Coti.
758 1298 788 1356 2.

257 1405 496 1489 Oonjunctione
518 1425 698 1484 quurnqnuru
722 1404 945 1470 circumscribi
967 1405 1168 1490 possuntbi:
1192 1409 1226 1470 eb
1242 1415 1369 1484 deceptu

156 1522 298 1595 injurio
320 1518 488 1600 ignoscere
512 1538 609 1600 quam
631 1519 785 1603 persequi
807 1517 952 1583 malebat
974 1518 1043 1582 Cat.
1066 1524 1129 1602 9,5.
1151 1518 1207 1601 qui
1229 1539 1270 1582 ne
1285 1538 1370 1581 nunc

159 1629 308 1710 quidem
329 1632 468 1694 obnoxiis
490 1635 622 1694 inimicis
643 1631 800 1714 exurgitis
812 1630 881 1713 Iug.
905 1636 988 1715 3l‚3.
1010 1634 1223 1695 resistentibus
1244 1635 1368 1709 soileqis

163 1742 369 1806 continuare
390 1742 618 1825 magistratum
647 1742 838 1808 nitebantur
859 1742 927 1826 lug.
951 1747 1032 1828 37sp
1061 1747 1222 1822 plerisque
1252 1741 1369 1806 faciem

163 1853 241 1937 ejus
266 1858 484 1934 ignorantibus
513 1853 609 1920 factis
632 1860 728 1920 notus
751 1875 810 1939 per
833 1855 936 1919 omnis
958 1854 1064 1919 tribus
1095 1854 1281 1918 declaratur
1301 1853 1369 1937 lug.

167 1970 258 2051 63‚4.
290 1970 474 2031 suerissirnis
508 1972 647 2032 Numidis
678 1972 711 2032 et
744 1972 856 2046 oppido
891 1966 1034 2050 undique
1071 1973 1175 2032 ciuuso
1211 1966 1370 2050 l'urpilius

165 2077 363 2161 praefectus
464 2078 611 2163 profugit
635 2080 704 2162 lug.
736 2085 820 2165 67‚3.
856 2079 909 2143 vix
937 2084 1054 2145 denno
1085 2088 1181 2158 purte
1211 2078 1263 2143 die
1298 2083 1370 2142 reu·-

170 2211 236 2268 qun
279 2189 437 2255 invadunt
478 2191 547 2275 Iug.
586 2197 662 2277 97‚3.
722 2196 894 2276 praeterea
939 2196 1039 2255 missis
1087 2195 1185 2255 antea
1233 2190 1370 2255 Romam

172 2306 289 2381 tequtis
318 2289 485 2387 repulsum
518 2303 560 2368 ab
593 2303 737 2368 amicitia
774 2304 843 2387 Ing.
882 2308 1001 2388 102‚14.
1038 2324 1122 2386 quae
1162 2303 1287 2368 scilicet
1326 2312 1370 2366 tu-

173 2424 266 2479 oente
297 2420 363 2494 ipso
394 2416 523 2481 occulta
551 2416 694 2499 pectoris
724 2415 919 2501 patefecisse
945 2416 1014 2500 lug.
1038 2421 1142 2502 113‚3.
1172 2414 1292 2498 qnippe
1315 2415 1371 2498 qni

174 2532 299 2591 nomine
331 2528 427 2593 modo
458 2529 575 2611 imperi
598 2549 618 2592 a
639 2527 732 2593 vobis
762 2539 888 2609 accepte
976 2529 1155 2594 exercitum
1176 2527 1290 2611 paravi
1312 2527 1370 2611 Ep.

174 2646 290 2726 Pomp.
312 2645 341 2705 4.
379 2661 478 2721 neure
510 2651 607 2721 purte
638 2640 776 2706 militum
815 2641 962 2707 autumni
997 2641 1158 2724 gravitate
1191 2659 1296 2723 neque
1333 2660 1373 2703 cx

176 2762 345 2842 postrema
366 2750 444 2836 fuga
531 2757 602 2818 nilis
623 2752 779 2837 adsigna
800 2758 1001 2820 redeuntibus
1024 2758 1057 2818 et
1075 2753 1131 2836 qui
1143 2751 1262 2835 reliqui
1278 2756 1372 2816 erant

175 2892 237 2954 per
265 2888 391 2935 summa
419 2865 546 2949 flagitia
576 2871 821 2932 detrectantibus
848 2865 1013 2946 militiam,
1043 2869 1251 2949 quaestorem
1278 2885 1371 2929 suum

247 2981 383 3046 miserat
411 2978 450 3043 fr.
472 2979 528 3044 111.
557 2984 607 3044 67.
637 2999 747 3045 omnes
778 2978 897 3062 quibus
932 2987 1054 3043 senecio
1084 2998 1215 3057 corpore
1246 2976 1372 3040 animus

178 3093 332 3159 militaris
364 3096 436 3157 erat
463 3090 502 3156 fr.
532 3091 585 3156 IV.
609 3095 658 3155 63.
682 3096 825 3171 punctis
863 3090 1071 3174 septuaginta
1104 3094 1194 3153 unnis
1226 3092 1372 3153 armatus

179 3227 299 3289 equum
321 3203 444 3269 insilire
468 3201 507 3267 fr.
531 3202 568 3267 V.
592 3207 620 3266 3.

265 3316 432 3382 Interdum
470 3313 656 3400 hujusmodi
691 3314 851 3380 ablativos
880 3312 1027 3396 sequitur
1061 3311 1224 3396 particula
1255 3321 1372 3377 tumen:

180 3434 333 3495 abnuente
372 3433 523 3508 Tiqrnne,
569 3428 626 3510 qui
667 3447 740 3491 mea
781 3426 870 3491 dicta
904 3445 977 3490 sero
1009 3423 1143 3509 probat,
1193 3435 1222 3489 te
1259 3434 1372 3488 remoto

179 3541 311 3626 procul,
351 3544 487 3605 omnibus
515 3544 594 3629 ‘uliis
638 3542 794 3616 obnoxiis,
827 3559 940 3604 rursus
976 3547 1075 3603 tumen
1112 3537 1234 3603 bellum
1280 3536 1374 3620 coepi

180 3655 239 3737 Ep.
269 3653 380 3718 Mithr.
414 3658 461 3718 13.
492 3657 665 3732 rostrisque
698 3656 828 3717 conlutis
861 3670 972 3735 pugna
1010 3660 1109 3716 tumen
1146 3649 1275 3732 ingenio
1309 3648 1373 3713 loci

180 3765 425 3849 prohibebatur.
460 3764 498 3830 fr.
535 3765 590 3830 HI.
624 3769 681 3845 183
718 3768 886 3844 praeeedit
921 3763 989 3828 Cat.
1023 3768 1123 3848 2⁰›1r
1162 3772 1260 3826 tumen
1294 3781 1372 3825 surn-

180 3899 229 3942 rnu
251 3881 387 3943 lubidine
409 3877 538 3942 divitias
561 3897 637 3942 suas
664 3876 793 3941 vincere
814 3878 992 3958 nequeunt3
1023 3879 1206 3954 interpositu
1229 3878 1278 3938 est
1303 3873 1372 3956 lug.

181 3994 396 4075 25,11.rnuItu
418 3999 518 4055 tuueu
540 3993 680 4053 oratione
702 3998 881 4067 consumpto
907 3987 1008 4069 legati
1039 3985 1163 4051 frustra
1186 3985 1372 4050 discessere.

181 4102 363 4167 Particulas
390 4100 593 4166 concessivae
618 4121 691 4164 cum
713 4098 863 4165 ablativis
892 4098 1050 4164 absolutis
1072 4099 1261 4183 conjunctas
1285 4097 1374 4182 apud

183 4202 371 4280 Sallustium
401 4233 464 4278 non
496 4213 603 4278 inveni
635 4211 674 4276 cf.
703 4214 788 4276 Caes.
820 4210 895 4275 bell.
924 4210 1007 4275 civil.
1032 4215 1165 4296 1.67,5.
1189 4215 1246 4275 etsi
1270 4216 1374 4290 utiquo

183 4337 308 4407 accepto
331 4331 521 4403 detrimento,
543 4330 655 4390 tamen
679 4344 805 4390 summa
827 4323 989 4387 exercitus
1014 4322 1104 4387 salva
1125 4322 1249 4403 locum,
1278 4343 1374 4405 quem

184 4446 306 4522 lactent,
330 4440 402 4523 oapi
424 4459 528 4523 posse.
573 4437 675 4502 Tacit.
691 4435 804 4501 histor.
824 4440 852 4498 1.
870 4440 919 4501 60.
949 4436 1041 4518 quies
1055 4435 1249 4518 provinciae,
1272 4456 1374 4513 quent-

184 4574 272 4629 quunu
302 4562 415 4616 remoto
450 4555 623 4627 consulari,
656 4548 776 4613 mansit
807 4549 847 4611 ci.
877 4548 966 4613 Caes.
994 4547 1068 4613 bell.
1095 4548 1261 4613 alexandr.
1290 4552 1373 4631 44,3.
