3134 5042
667 325 882 387 ..93-

183 512 277 572 tanta
301 509 467 591 praesidia
496 514 646 573 inarmis
676 509 741 574 sint
770 515 886 589 „anter
915 509 977 574 den
1000 510 1126 576 Waffen
1148 512 1279 577 stehen“
1303 512 1372 578 Cat.

185 626 287 704 51,19.
311 622 429 702 quibus
450 621 507 686 illa
528 620 659 704 placent
681 626 713 684 ia
735 627 830 686 armis
853 627 928 687 sunt
951 622 1004 687 Or.
1026 621 1107 686 Phil.
1133 629 1181 688 13.
1204 630 1321 689 cuncta
1341 631 1373 688 ia

184 736 278 795 armis
300 731 386 798 foret
413 733 452 797 fr.
475 734 540 798 Ina.
564 738 614 798 23.
643 739 675 797 ia
706 739 801 798 armis
831 755 898 798 esre
930 735 1113 818 oppositum
1141 741 1190 799 est
1212 736 1265 800 Or.
1290 735 1372 800 Phil.

185 847 224 907 13
253 849 286 907 ia
316 855 395 910 meta
422 865 504 910 esse.
555 844 673 928 quibus
705 844 762 910 illa
787 846 919 930 placent
948 853 980 910 ia
1010 853 1104 912 armis
1132 852 1222 927 sunt,
1254 868 1311 912 vos
1339 854 1371 911 ia

181 964 270 1020 meta.

276 1070 413 1133 Candido
440 1069 491 1133 vel
511 1079 610 1135 statas
633 1069 798 1135 indicatur
822 1070 891 1154 Iug.
915 1077 965 1151 44,
973 1113 997 1156 4.
1028 1077 1186 1155 quantum
1215 1073 1370 1156 temporis

182 1179 379 1245 aestivorum
401 1186 433 1245 ia
455 1186 583 1261 imperio
605 1181 676 1247 fuit.
698 1182 766 1265 Ing.
792 1188 875 1268 58,1.
899 1183 1055 1262 remissis,
1081 1184 1137 1266 qui
1159 1189 1191 1247 ia
1207 1189 1370 1263 praesidio

182 1297 284 1372 erant,
308 1293 383 1372 „die
401 1292 584 1377 Besatzung
605 1292 778 1359 bildeten“.
801 1295 869 1377 Iug.
893 1301 975 1380 66η.
997 1300 1030 1360 et
1050 1316 1105 1361 eos
1126 1296 1229 1378 ipsos,
1260 1297 1370 1378 quiin

176 1410 349 1483 praesidiis
372 1411 475 1486 erant,
497 1406 636 1490 pecunia
656 1411 827 1489 temptare.
846 1434 894 1454 ¹-
917 1407 1004 1489 quod
1033 1427 1086 1471 res
1108 1413 1139 1471 ia
1160 1413 1276 1473 invidia
1299 1414 1371 1473 erat

181 1516 249 1598 lug.
274 1521 346 1603 25‚5
383 1518 473 1597 „weil
493 1518 545 1582 die
568 1517 672 1583 Sache
696 1519 748 1583 ein
771 1518 958 1601 gehiissiges
979 1518 1129 1583 Ansehen
1152 1519 1295 1584 erhielt“.
1319 1519 1371 1584 fac

182 1629 313 1712 cogites,
336 1635 368 1693 ia
393 1640 509 1709 quauta
531 1635 703 1695 calamitate
725 1632 769 1694 sis
794 1630 862 1696 Cat.
882 1637 958 1715 44,5.

267 1739 444 1807 Praeterea
465 1748 620 1821 adjectiva
645 1743 708 1807 hae
728 1742 969 1827 praepositione
992 1763 1065 1807 cum
1088 1742 1186 1807 verbo
1209 1763 1276 1807 esre
1295 1763 1369 1807 con-

178 1854 368 1937 junguntur,
390 1859 428 1919 ut
449 1855 496 1919 rei
519 1855 661 1937 qualitas
683 1855 861 1919 indicetur:
890 1855 924 1920 id
947 1854 1029 1920 adeo
1058 1859 1090 1917 ia
1114 1865 1261 1934 prompta
1289 1875 1368 1936 esse,

181 1966 333 2047 quoniam
355 1967 481 2051 copiam
503 1966 680 2049 Iugurthae
694 1965 833 2032 haberet
847 1966 916 2048 Iug.
935 1972 1037 2052 illst.
1060 1967 1196 2032 libertas
1214 1972 1247 2031 et
1261 1967 1369 2031 anima

180 2082 293 2141 nostra
314 2083 347 2142 ia
368 2083 457 2144 dabio
480 2084 529 2144 est
549 2078 617 2144 Cat.
641 2084 690 2158 52,
699 2120 722 2164 6.
747 2099 790 2143 an
809 2099 941 2143 manere
968 2080 1071 2144 tutius
1092 2078 1177 2143 foret
1197 2084 1229 2142 ia
1250 2084 1368 2143 incerto

181 2194 252 2254 erat
272 2190 341 2273 Iug.
365 2196 446 2277 38‚5.
470 2212 543 2256 curn
565 2191 734 2256 etiamtum
760 2196 893 2256 eventus
915 2195 947 2254 ia
970 2196 1088 2255 lacerto
1110 2196 1182 2255 erat
1198 2191 1266 2273 Iug.
1284 2196 1367 2276 51,2.

180 2303 289 2366 omnia
319 2303 460 2368 illustria
490 2304 594 2386 magis
630 2303 799 2386 magisque
833 2308 865 2366 ia
899 2312 1007 2381 aperto
1041 2303 1105 2368 sint
1135 2303 1203 2385 Iug.
1235 2310 1295 2388 5,3.
1325 2341 1367 2350 -

179 2413 290 2478 Affero
319 2413 384 2479 alia
411 2414 512 2480 verba
542 2415 713 2495 hocloco,
742 2435 826 2498 quae
855 2414 968 2480 eodem
986 2414 1083 2479 modo
1107 2435 1179 2479 oum
1200 2413 1368 2498 adjectivis

180 2531 432 2608 componuntur:
463 2527 627 2610 ingenium
654 2533 687 2591 ia
709 2536 857 2606 prompta
885 2530 1000 2591 babere
1028 2526 1097 2592 Cat.
1123 2532 1183 2611 hl.
1216 2526 1368 2591 mulieres

178 2637 369 2721 pudicitiam
394 2644 427 2703 ia
451 2645 620 2719 propatulo
648 2638 771 2704 habere
802 2638 871 2704 Cat.
897 2644 979 2724 l3,3.
1009 2642 1042 2701 ia
1073 2643 1190 2702 incerto
1211 2636 1367 2719 habuere,

179 2749 334 2831 quidnam
358 2750 483 2816 consilii
513 2757 667 2836 caperent
697 2750 765 2816 Oet.
790 2756 873 2835 41,1.
896 2751 1104 2834 pernitiosior
1133 2755 1234 2830 esset,
1265 2757 1298 2814 ia
1320 2756 1366 2815 ia-

179 2872 263 2926 certo
283 2861 462 2928 haberetur
490 2864 556 2947 Ing.
581 2871 662 2949 46‚3.
693 2869 725 2927 ta
746 2867 876 2928 obscuro
905 2864 1004 2928 vitam
1030 2863 1366 2949 habereGat.5l‚12.

177 2995 334 3057 -neque
355 2975 443 3040 bona
464 2996 569 3058 neque
592 2975 679 3039 mala
701 2995 813 3039 eorum
835 2980 867 3038 ia
890 2981 1007 3039 occulto
1028 2976 1153 3058 patitur
1174 2975 1243 3057 Iug.
1266 2981 1316 3054 85,
1324 3017 1365 3061 23.

177 3107 237 3151 nos
265 3107 336 3152 eam
364 3106 433 3151 rem
463 3092 495 3150 ta
521 3093 620 3152 medio
651 3086 870 3169 relinquemus
902 3086 970 3150 Cat.
1002 3091 1083 3172 19,5.
1116 3123 1159 3134 -
1188 3090 1220 3149 io
1245 3093 1366 3151 excelso

178 3203 319 3263 aetatem
341 3205 442 3283 agrmt
466 3198 534 3264 Cat.
559 3204 656 3285 51‚12.
1232 3284 1234 3287 Ι

262 3311 390 3377 Accede
413 3311 455 3376 ad
478 3311 644 3391 dictiones,
668 3331 752 3393 quae
774 3308 957 3375 formantur
972 3307 1071 3375 verbo
1091 3314 1223 3389 babere:
1247 3309 1366 3392 magis·

178 3443 240 3507 que
262 3429 294 3488 ia
318 3429 438 3489 decoris
467 3430 560 3489 armis
593 3428 627 3488 et
647 3426 830 3488 militaribus
853 3426 939 3501 cquis
961 3442 1060 3505 quam
1079 3427 1111 3485 ia
1133 3427 1243 3487 scortis
1266 3427 1365 3504 atque

177 3541 321 3601 conviviis
341 3535 508 3601 libidinem
529 3534 696 3601 habebant
718 3534 787 3599 Cat.
810 3540 838 3614 7,
845 3574 869 3619 4.
904 3534 970 3614 „sie
999 3533 1113 3599 hatten
1143 3533 1197 3597 ihr
1219 3533 1364 3617 Vergnii·

177 3668 239 3730 geu
260 3654 331 3712 an.“
351 3669 451 3714 -ea
473 3648 598 3713 familia
618 3653 734 3728 ortum,
762 3647 812 3711 ita
833 3668 868 3712 se
890 3645 932 3712 ab
955 3645 1175 3710 adolescentia
1195 3645 1293 3710 vitam
1315 3645 1364 3709 in-

176 3760 329 3840 stituisse,
352 3766 390 3826 ut
411 3761 519 3826 omnia
539 3761 626 3826 bona
647 3765 680 3824 ia
702 3779 758 3838 spe
778 3757 917 3824 haberet
938 3757 1006 3823 Cat.
1023 3762 1107 3842 3l‚7.
1130 3757 1226 3837 „dass
1241 3778 1278 3821 er
1294 3756 1364 3822 sich

175 3891 215 3934 zu
237 3870 300 3935 den
322 3872 495 3937 schbnsteu
514 3871 720 3955 Hoffnungen
750 3870 935 3952 bereehtigt
956 3868 1074 3934 fuhlef‘
1097 3906 1138 3916 -
1161 3868 1189 3934 si
1210 3889 1249 3933 ea
1270 3868 1364 3934 fecis·

176 4003 244 4046 sem
265 3987 297 4045 ia
318 3993 421 4048 vestra
451 3988 585 4049 amicitia
612 3984 774 4048 exereitus
805 3982 934 4047 divitias
966 3981 1165 4046 munimenta
1193 3981 1285 4062 regni
1312 4002 1364 4046 me

175 4094 363 4159 habiturum
393 4094 462 4178 lug.
494 4100 576 4179 14,1.
604 4133 648 4142 -
677 4115 761 4177 quae
793 4115 846 4160 res
876 4114 932 4159 eos
958 4098 990 4157 ia
1015 4114 1126 4173 mapao
1158 4090 1364 4171 diuturnoque

175 4211 251 4272 bello
280 4206 366 4270 inter
389 4227 424 4270 se
451 4205 569 4271 habuit
596 4206 664 4288 Ing.
689 4212 771 4292 79‚3.
801 4205 1002 4289 significatur
1030 4209 1190 4289 perpetua
1221 4209 1254 4269 et
1281 4226 1363 4270 nun·

175 4339 272 4401 quam
304 4319 489 4383 intermissa
516 4317 660 4383 bellandi
690 4318 776 4382 ratio
808 4319 860 4398 „in
882 4319 976 4382 einen
999 4317 1163 4382 schwcren
1183 4315 1249 4381 und
1270 4316 1362 4400 lang·

77 4502 81 4509 ,
174 4432 325 4514 wierigen
348 4431 449 4513 Krieg
470 4429 670 4494 verwickeln.
694 4429 841 4494 —dona
869 4430 977 4493 omnia
1000 4435 1031 4492 ie
1053 4433 1241 4509 beaiprdtata
1262 4427 1362 4492 habe·
