3134 5042
654 349 871 462 ηρ-

162 585 306 650 frustum
322 586 435 662 habeo,
455 559 612 649 delector
633 582 743 668 aliqua
764 605 801 649 re
823 583 897 665 „ioh
909 584 1037 651 erfreue
1057 586 1145 652 mioh
1167 609 1209 652 au
1231 592 1362 663 etwas“‚

158 704 291 779 suuper,
314 699 491 781 occupatus
514 718 588 762 sum
609 696 777 780 aliquare
800 696 1084 781 „iehbeseh'siltige
1107 698 1221 780 mieh“‚
1241 705 1361 780 potior,

164 830 298 894 augear,
321 831 432 876 cresco
449 808 560 893 aliqua
575 830 611 875 re
628 809 701 890 „iah
711 808 819 875 werde
829 809 974 894 mdohtig
990 810 1123 890 duroh“,
1144 832 1268 877 uereor:
1291 813 1362 877 viro

164 923 278 1006 aliqua
299 944 344 1003 re,
366 922 439 1003 „ioh
455 921 592 988 ern‘ahre
606 921 693 987 mioh
707 914 798 987 ron“.
841 922 958 1007 Itaque
982 922 1125 1003 ablativi,
1149 924 1206 1007 qui
1220 922 1363 1007 pendent

164 1057 208 1100 ex
219 1035 272 1100 his
293 1034 403 1100 verbis
419 1032 554 1100 ablativi
575 1036 651 1100 sunt
663 1038 920 1100 instrumentales,
965 1034 1092 1100 Inveni:
1115 1044 1211 1100 utor:
1236 1041 1361 1101 servitio

164 1147 314 1231 eorporis
345 1148 500 1231 01111,
535 1151 662 1225 imperio
696 1149 778 1231 llffi.
812 1145 936 1229 largius
965 1168 1021 1211 suo
1052 1152 1100 1227 16,
1113 1186 1138 1231 4·
1176 1152 1362 1226 imperatore

164 1259 218 1324 vel
240 1264 334 1324 milite
356 1280 409 1325 me
433 1263 533 1344 20,13·
576 1277 716 1323 sermone
738 1257 787 1322 uti
808 1257 860 1322 vel
877 1257 1025 1323 modesto
1049 1258 1100 1324 vel
1113 1258 1204 1324 molli
1220 1257 1271 1323 vel
1286 1279 1362 1342 pro·

165 1373 238 1436 eaoi
260 1376 344 1457 25,5.
367 1374 498 1435 Antonio
521 1376 604 1455 26,1.
622 1375 690 1450 leae
713 1373 796 1455 33,2.
825 1391 863 1434 ea
885 1370 1049 1454 (viatoris)
1078 1376 1128 1451 39,
1138 1411 1162 1456 4.
1193 1370 1286 1454 eujus
1301 1391 1361 1450 pa-

166 1488 298 1549 trocinio
326 1489 410 1569 4¹24·
441 1486 580 1547 maximis
610 1484 777 1548 bonoribus
805 1487 856 1561 49,
864 1523 889 1567 2.
920 1487 958 1546 iis
981 1487 1063 1569 51‚3.
1089 1487 1269 1562 peruiciosa
1297 1486 1362 1546 libi·

166 1601 240 1661 dine
269 1595 424 1680 Iug.1,4.
456 1600 541 1660 domo
574 1599 623 1674 12,
631 1635 657 1681 3.
691 1597 800 1660 debitis
825 1598 874 1674 14,
882 1636 907 1681 3.
939 1600 1047 1675 amplis
1076 1599 1242 1659 bonoribus
1273 1598 1323 1674 25,
1333 1599 1361 1659 4.

164 1712 332 1793 postremo
354 1712 445 1772 sotiis
468 1711 578 1772 uestris
601 1706 702 1771 veluti
725 1710 876 1786 nostibus,
904 1711 1040 1772 nostibus
1061 1726 1122 1790 pro
1147 1706 1243 1770 soriis
1265 1710 1361 1770 utun-

165 1824 221 1886 tur
245 1824 344 1905 3l,23.
374 1823 502 1884 uictoria
533 1823 613 1904 38,3.
643 1823 728 1902 42‚4.
756 1822 896 1897 perfidia
923 1839 984 1902 pro
1017 1818 1116 1883 armis
1145 1822 1196 1898 61,
1204 1859 1229 1903 3.
1252 1822 1362 1897 pluuia

167 1938 218 2011 75,
231 1973 257 2018 9.
282 1936 358 2012 supi
379 1952 472 2010 aqua,
510 1935 619 1996 uetera
647 1929 759 2013 pluria
780 1936 864 2014 89,6.
896 1952 958 2009 qua
988 1928 1147 2014 (fortuna)
1171 1936 1253 2015 93,1.
1272 1937 1362 2010 sinna

162 2051 227 2123 (ide
251 2050 353 2129 lll,2.
384 2044 440 2126 qui
471 2049 588 2122 linpua,
619 2042 676 2126 qui
706 2046 833 2107 consilio
862 2063 942 2120 meo,
971 2043 1028 2126 qui
1050 2047 1189 2122 pecunia
1218 2042 1360 2122 voluere,

166 2157 219 2221 usi
242 2161 317 2221 sunt
340 2156 393 2221 Or.
416 2155 500 2221 Cott.
523 2161 552 2219 4.
577 2175 673 2234 opera
694 2152 733 2218 fr.
755 2152 812 2217 ΠΙ.
836 2159 885 2219 38.

255 2271 381 2333 abutor:
408 2267 555 2333 abutitur
583 2276 687 2331 uestra
719 2265 870 2331 socordia
891 2265 945 2331 Or.
968 2265 1049 2330 Phil.
1077 2271 1126 2331 11.
1171 2271 1219 2331 tis
1242 2267 1361 2331 subau-

167 2379 321 2443 diendum
348 2383 398 2444 est
419 2379 488 2444 Cat.
523 2383 604 2464 13‚2.
642 2376 763 2461 quippe
793 2398 876 2461 quas
911 2377 1046 2443 honeste
1080 2378 1204 2444 habere
1231 2378 1361 2459 licebat,

168 2490 263 2557 abuti
284 2512 345 2574 per
365 2490 601 2576 turpitudinem
623 2488 834 2575 properabat.

247 2611 362 2684 fruor:
390 2604 457 2668 vitu
484 2604 566 2688 ipsa,
595 2624 657 2683 qua
686 2601 826 2668 fruimur
855 2601 963 2667 brevis
996 2608 1046 2667 est
1075 2602 1144 2668 uae
1178 2608 1271 2689 l‚1.3.
1302 2625 1361 2682 quo

162 2717 232 2800 jam
264 2721 331 2794 ipso
361 2714 426 2780 frui
458 2715 511 2781 Or.
543 2714 644 2780 Maur.
677 2720 725 2781 13.
770 2715 798 2780 si
821 2726 979 2795 perpetua
1000 2736 1085 2795 pure
1114 2714 1180 2780 frui
1201 2715 1279 2780 lieet
1301 2715 1359 2798 Ep.

166 2828 276 2893 Mithr.
299 2832 327 2893 2.
348 2867 392 2877 —
415 2828 468 2894 Or.
493 2827 593 2893 Mser.
626 2833 645 2893 6
678 2827 830 2912 legimus:
858 2848 916 2893 ros
945 2827 1119 2894 multitudo
1149 2827 1284 2912 singulis
1306 2834 1359 2892 ta·
1432 2873 1434 2877 ,

167 2945 281 3006 tendor
299 2948 515 3022 fruendosque
536 2940 711 3025 praebetis.

254 3053 396 3119 Verbum
414 3061 534 3134 funpor
556 3051 645 3136 apud
666 3051 857 3118 Sallustium
879 3074 945 3118 non
964 3052 1080 3118 inveni.

253 3187 377 3231 vescor:
407 3172 486 3230 tuate
515 3168 549 3229 et
574 3168 684 3244 ferina
710 3184 807 3229 earne
835 3165 903 3246 lug.
934 3169 985 3244 89,
995 3204 1019 3248 7.
1047 3167 1228 3244 corporibus
1257 3163 1360 3229 homi-

167 3300 244 3343 num
267 3278 306 3342 fr.
329 3278 353 3343 1.
377 3283 426 3342 67.
472 3276 551 3341 Cum
573 3280 747 3341 accusativo
779 3277 986 3361 conjunctum
1015 3280 1065 3341 est
1093 3274 1132 3340 fr.
1154 3276 1211 3341 ΠΙ.
1234 3282 1285 3341 27.
1317 3277 1358 3343 ob

166 3390 308 3456 inediam
329 3395 453 3455 insolitu
474 3387 687 3455 vescentibus.

248 3508 368 3583 potior:
391 3506 519 3581 imperio
541 3499 713 3566 Numidiae
735 3500 804 3585 lug.
826 3506 886 3588 8,1.
919 3506 998 3565 omni
1019 3505 1164 3568 Numidia
1183 3501 1252 3585 lug.
1276 3507 1325 3581 13,
1332 3543 1358 3588 5.

168 3636 246 3696 apro
269 3621 351 3700 55η.
384 3619 496 3694 oppido
520 3619 571 3694 76,
578 3653 603 3699 5.
633 3618 734 3680 mutus
756 3619 830 3679 loeis
851 3618 934 3699 914.
964 3612 1359 3694 incantamentorum.

167 3734 216 3794 56.
261 3726 431 3792 Nonnullis
460 3725 540 3791 loeis
571 3725 733 3815 invenitur
755 3732 926 3807 penittuus:
954 3730 1139 3792 Adherbalis
1169 3726 1237 3808 lug.
1260 3731 1359 3811 25‚10.

164 3847 233 3921 ejus
256 3844 363 3919 oppidi
388 3845 471 3923 75‚2.
499 3842 585 3903 urbis
608 3838 677 3904 Cat.
700 3844 776 3925 47,,.
821 3840 901 3905 Cum
927 3838 1070 3904 ablativo
1101 3842 1134 3904 et
1164 3838 1304 3922 genitivo
1326 3839 1360 3902 in

164 3953 278 4019 eodem
309 3951 476 4016 enuntiato
504 3950 711 4034 conjunctum
741 3949 902 4016 habemus
924 3950 993 4034 lug.
1018 3956 1098 4037 74‚3.
1132 3951 1297 4034 signorum
1327 3956 1361 4015 et

163 4085 327 4129 armorum
350 4068 509 4142 aliquanto
532 4083 668 4140 numero,
699 4067 828 4127 bostium
850 4083 1029 4146 paucorum
1050 4062 1156 4147 potiti.
1204 4066 1360 4127 Genitious

163 4176 311 4260 gerundii
333 4175 452 4257 legitur
472 4174 542 4257 lug.
563 4178 613 4253 37,
620 4213 645 4258 4.
669 4193 785 4238 oaeeus
809 4173 850 4239 ob
871 4174 1044 4240 thesauros
1064 4173 1175 4259 oppidi
1198 4174 1356 4259 potiundi.

162 4294 212 4368 89,
222 4330 246 4374 6.
269 4289 339 4373 ejus
361 4285 510 4371 potiundi
533 4284 673 4350 Marium
694 4285 838 4351 maxima
859 4285 977 4371 cupido
999 4287 1173 4366 invaserat,
1204 4291 1356 4352 eremeti-

161 4424 214 4466 ous
237 4399 276 4464 fr.
299 4399 364 4464 Ino.
390 4404 459 4464 118.
481 4402 599 4463 cuneta
620 4396 779 4482 potiundi.
824 4398 1029 4464 Constructio
1052 4398 1124 4479 illa,
1155 4419 1221 4483 qua
1243 4397 1359 4464 eodem

161 4513 307 4579 ablativo
343 4515 376 4576 et
398 4509 562 4594 objectum
594 4516 627 4577 et
655 4510 881 4595 praedicatum
910 4510 1119 4596 exprimitur,
1148 4532 1213 4577 uno
1234 4514 1361 4574 tantum
