3134 5042
679 353 872 437 ...5-

181 537 220 602 af.
242 543 350 624 23‚5.13
376 557 396 601 a
418 536 617 620 Carthagine
640 537 717 622 jura
739 540 861 620 petere,
889 539 1032 600 testatur
1052 535 1211 617 Kiihnast‚
1237 536 1364 620 Haupt·

180 650 304 734 punkte
327 650 386 715 der
406 648 619 715 livianischen
642 649 765 733 Syntax
789 671 819 732 p.
845 654 906 715 186
928 647 949 712 f.
973 647 1013 712 ct
1035 647 1183 731 Draeger
1202 670 1234 733 p.
1251 655 1324 715 496.

267 763 340 828 Uno
362 762 434 827 loco
458 762 545 846 apud
562 761 751 827 Sallustium
771 762 935 825 invenitur
947 758 1111 826 ablativus
1130 761 1281 844 proprius
1303 784 1368 827 non

180 876 313 961 adjecta
344 875 601 958 praepositione,
636 894 700 957 quo
732 883 820 938 terra
848 873 1036 937 nominatur
1065 892 1130 936 non
1157 878 1250 938 urbs:
1281 874 1369 956 quod

179 987 270 1052 haud
292 986 424 1052 difficile
442 992 500 1066 est,
524 987 551 1051 si
572 991 609 1050 tu
633 991 868 1065 Messopciunia
891 1006 950 1050 nos
972 989 1118 1049 Armenia
1141 985 1368 1069 circumgredi-

179 1122 254 1165 mur
276 1100 453 1165 exercitum
473 1098 532 1181 Ep.
548 1097 658 1163 Mithr.
682 1103 739 1178 213
762 1097 847 1162 alliis
860 1096 971 1162 multis
982 1097 1062 1162 locis
1077 1097 1198 1162 omissa
1211 1101 1262 1163 est
1273 1118 1368 1181 prae-

181 1212 310 1296 positio,
332 1210 390 1276 ubi
412 1215 575 1275 terrarum
596 1209 727 1276 nomina
748 1210 921 1294 conjuncta
943 1213 1019 1274 sunt
1040 1230 1113 1274 cum
1132 1208 1240 1274 verbis
1262 1210 1368 1295 sejun-

180 1322 293 1407 gendi:
317 1329 477 1403 decedere,
503 1328 666 1402 deducere,
683 1328 813 1401 pedere.

267 1442 435 1501 decedere:
468 1438 562 1499 Italia
591 1434 660 1517 Iug.
687 1439 753 1520 28,2
785 1439 857 1520 359,
883 1438 1026 1499 Numidia
1062 1433 1131 1516 Iug.
1164 1439 1229 1519 38,9
1260 1439 1370 1515 Africa

178 1550 247 1633 lug.
275 1551 430 1634 20,123‚l
463 1568 540 1612 nam
568 1548 671 1611 omnis
703 1547 881 1624 exereitus,
913 1546 963 1611 uti
990 1551 1194 1627 convenerat,
1225 1549 1369 1612 Numidia

180 1668 340 1738 deductus,
362 1660 396 1724 in
425 1659 593 1744 provincia
619 1658 788 1724 hiemabat
817 1659 886 1740 lug.
917 1663 984 1743 39‚4
1006 1663 1151 1739 Bithynia
1179 1659 1288 1742 expuli
1308 1659 1367 1743 Ep.

178 1772 289 1838 Mithr.
315 1777 363 1836 ll.
408 1776 518 1853 Africa
545 1769 671 1855 expulsi
697 1770 766 1854 Iug.
796 1776 861 1856 97,2
886 1792 960 1835 eum
988 1770 1136 1836 omnibus
1154 1771 1255 1854 copiis
1274 1776 1369 1836 Italia

172 1892 268 1965 pulso
288 1883 327 1949 fr.
350 1885 374 1949 Ι.
391 1889 440 1950 54.
472 1884 597 1949 Similia
610 1882 940 1967 exemplaeCaesare
960 1888 1090 1966 sumpta
1112 1882 1209 1948 affert
1223 1884 1368 1949 Fischer.

178 1997 253 2062 bell.
279 1996 337 2061 civ.
370 2003 437 2081 57‚4
470 1995 671 2079 cogebantur
705 1998 843 2077 Corcyra
873 2000 972 2078 atque
1003 2000 1184 2061 Acarnania
1212 1997 1380 2088 papulum

179 2115 374 2193 supportare
385 2108 424 2172 cf.
434 2108 482 2173 III
497 2113 561 2194 15‚3
575 2128 694 2190 aquam
706 2111 843 2189 Corcyra
851 2107 989 2173 navibus
997 2108 1155 2172 onerariis
1164 2113 1367 2192 supportare.

179 2221 253 2287 bell.
268 2220 350 2285 alex.
368 2226 431 2306 25,1
447 2225 541 2301 Syria
557 2223 732 2299 Ciliciaque.
755 2219 866 2285 Livius
876 2220 1067 2304 plerumque
1080 2224 1219 2304 usurpat
1228 2241 1367 2305 praepo·

179 2333 328 2398 sitionem
360 2354 410 2409 en,
436 2332 528 2397 deest
556 2331 645 2416 apud
667 2331 803 2398 verbum
824 2330 981 2397 decedere
1004 2337 1111 2418 32,35‚9
1147 2336 1282 2397 Phocide
1310 2337 1367 2396 Lo-

179 2451 275 2511 cride.
305 2450 387 2532 35‚13
429 2444 586 2510 decedere
618 2454 682 2510 dota
720 2448 862 2509 Graecia.
902 2449 1011 2530 32,34‚4
1051 2449 1162 2509 decedi
1203 2444 1371 2509 Graeciacf

178 2557 329 2623 Kiihnast
349 2579 381 2642 p.
406 2563 475 2622 187.

264 2670 435 2736 Ablativus
462 2691 558 2735 verus
587 2669 724 2736 nominis
753 2670 945 2754 appellativi
975 2676 1081 2735 donus
1106 2670 1269 2735 invenitur
1292 2692 1367 2735 con·

173 2784 307 2868 junctus
337 2803 410 2847 cum
431 2783 539 2849 verbis
567 2787 722 2849 monendi:
757 2789 843 2847 dorna
866 2782 1037 2866 expulerat
1060 2782 1129 2847 Cat.
1156 2788 1221 2869 diff,
1259 2804 1367 2865 egres-

178 2919 233 2962 sus
254 2897 323 2961 Cat.
347 2902 415 2981 46,4
434 2896 595 2980 proficisci
618 2897 687 2979 lug.
714 2901 781 2980 79‚4
811 2895 937 2980 digredi
966 2896 1034 2980 Iug.
1065 2903 1140 2982 79,7.
1196 2896 1366 2979 Praeposb

177 3009 299 3074 tionem
330 3014 378 3086 ab,
410 3030 508 3093 quam
540 3008 650 3074 Livius
676 3007 812 3074 adhibet
832 3016 919 3095 gama
952 3008 1056 3074 classe
1083 3030 1148 3092 qua
1175 3009 1302 3074 advecti
1324 3009 1366 3075 ab

178 3120 273 3185 domo
287 3120 417 3186 fuerant
438 3129 525 3208 tm
549 3121 662 3185 accitis
678 3119 720 3185 ab
742 3120 837 3185 domo
859 3120 950 3185 novis
973 3120 1131 3186 militibus
1155 3122 1194 3186 cf.
1220 3121 1368 3205 Draeger

177 3256 208 3317 p.
232 3239 295 3298 498
317 3254 381 3297 nou
402 3233 519 3313 inveni,
540 3233 603 3297 nisi
627 3217 833 3317 coujunctam
855 3253 928 3297 cum
939 3233 1071 3316 procul:
1086 3240 1204 3311 procui
1219 3238 1257 3298 ab
1281 3241 1366 3299 dono

177 3346 235 3430 Ep.
258 3344 368 3410 Mithr.
393 3351 442 3411 lc.
486 3345 657 3410 Ablativus
677 3351 766 3409 durau
789 3349 897 3410 exstat
908 3344 977 3428 Iug.
1006 3351 1071 3431 79,6
1096 3350 1211 3410 ventus
1234 3352 1365 3412 coortus

177 3480 310 3525 arenam
341 3464 430 3523 duno
463 3458 626 3537 excitavit,
656 3478 733 3523 rare
754 3477 820 3522 non
850 3458 966 3536 inveni,
997 3458 1055 3524 sed
1080 3466 1184 3524 caelo:
1206 3459 1274 3542 Iug.
1300 3466 1365 3546 75‚7

176 3576 270 3636 tanta
297 3574 431 3653 repente
462 3575 547 3635 caelo
568 3570 668 3635 missa
689 3571 738 3635 vis
761 3591 867 3652 aquae
886 3570 1005 3635 dieitur
1027 3570 1066 3635 ef.
1092 3570 1204 3654 Vergil
1223 3573 1280 3636 ecl.
1304 3579 1365 3658 6,38

177 3689 292 3748 cadere
313 3685 451 3747 nubibus.
487 3681 595 3747 Tibull
618 3687 686 3769 3,5‚1
711 3703 840 3748 manare
855 3687 994 3748 nabibus.
1039 3683 1148 3747 Horaz
1165 3684 1232 3747 Sat.
1245 3685 1279 3763 L,
1305 3689 1366 3748 114

177 3798 356 3859 carceribus
387 3794 482 3859 mitti.
526 3798 590 3860 Lin.
613 3794 637 3859 Ι.
664 3800 728 3881 3¹³2
759 3795 906 3860 cecidere
936 3801 1021 3859 caedo
1048 3792 1176 3877 lapides
1199 3794 1239 3859 cf.
1263 3800 1365 3880 22‚1‚9.

261 3906 376 3988 Neque
389 3906 516 3986 mirum,
535 3907 563 3970 si
575 3905 684 3984 verba,
708 3906 826 3990 quibus
840 3908 926 3972 inest
938 3905 1028 3971 notio
1039 3911 1189 3984 pellendi,
1216 3914 1365 3985 mouendi,

176 4023 361 4094 abstinendi,
392 4018 632 4103 conjunguntur
659 4038 733 4083 cum
755 4017 898 4083 ablativo
933 4017 1019 4097 solo,
1052 4038 1129 4081 nam
1157 4039 1285 4102 semper
1316 4020 1366 4082 in-

174 4135 381 4214 terrogamus
402 4129 536 4210 „uude‘t
579 4130 695 4212 Itaque
717 4127 872 4193 hocloco
889 4129 1113 4195 disserendum
1136 4135 1186 4194 est
1210 4131 1250 4195 de
1274 4130 1365 4195 abla-

175 4243 252 4322 tiva
275 4262 371 4324 quem
395 4240 598 4324 grammatici
619 4241 709 4307 dicut
730 4247 947 4321 reparationis.
993 4241 1191 4327 Conjunctus
1221 4250 1271 4308 est
1297 4243 1365 4325 ple-

175 4375 313 4436 rumque
336 4374 409 4417 oum
423 4353 531 4418 verbis
553 4353 748 4438 compositis.
794 4353 903 4419 Verba
925 4353 1086 4437 simplicia
1109 4354 1217 4420 inveni
1240 4361 1364 4432 cedere,

175 4486 304 4542 nouere,
320 4470 450 4544 pellere,
471 4472 583 4531 leuare.
