3134 5042
147 1240 220 1324 De
250 1241 658 1343 praepositionibus,
685 1262 796 1344 quae
821 1244 973 1341 regunt
999 1242 1261 1324 ablativum.

199 1465 256 1529 De
278 1465 518 1549 praepositione
538 1465 640 1549 ajam
663 1465 938 1548 supradiximus,
961 1464 1018 1530 ubi
1041 1465 1164 1547 egimus
1191 1463 1231 1528 de
1255 1464 1312 1529 ab·

102 1574 214 1640 lativo
244 1598 324 1642 vero
354 1578 404 1641 vel
431 1576 572 1660 proprio.
623 1575 781 1642 addenda
813 1583 888 1642 sunt
915 1578 1009 1642 haee:
1046 1581 1101 1641 obs
1130 1575 1219 1640 nullo
1240 1576 1312 1640 loeo

102 1688 293 1766 invenitur,
316 1692 353 1752 oh
377 1709 536 1771 nusquam
558 1688 677 1772 legitur
704 1694 778 1753 ante
801 1694 828 1754 b.
850 1697 877 1768 f.
900 1712 931 1769 9.
954 1712 1003 1768 qa.
1027 1711 1076 1764 v.,·
1105 1694 1180 1751 ante
1203 1710 1220 1751 c
1242 1688 1312 1752 Sal-

103 1798 235 1864 lustius
264 1800 456 1883 plerumque
477 1801 570 1883 ponit
592 1822 628 1881 a3
658 1805 695 1866 ab
719 1806 828 1865 exstat
857 1805 1013 1883 quattuor
1040 1800 1120 1864 loeis
1145 1799 1213 1864 cat.
1235 1806 1311 1884 48,9.

105 1912 151 1976 ab
177 1912 350 1992 Cicerone,
372 1913 440 1995 lug.
462 1917 544 1996 821.
568 1912 720 1977 abGirta.
746 1918 829 1998 91‚3.
855 1912 896 1976 ab
917 1911 1031 1994 Capsa.
1049 1917 1151 1997 ¹⁰422·
1176 1910 1217 1975 ab
1237 1932 1312 1976 oon-

106 2023 191 2088 snle.
245 2026 329 2088 Ante
361 2030 389 2089 d.
410 2030 429 2088 l.
452 2047 480 2089 r.
506 2048 530 2088 r.
555 2034 574 2089 t.
605 2025 768 2090 invenitur
799 2030 833 2088 et
859 2045 879 2087 a
908 2028 941 2088 et
968 2022 1027 2103 ab,
1059 2022 1147 2106 quod
1175 2022 1312 2106 legimns

106 2142 190 2200 ante
222 2158 255 2200 m
277 2135 404 2200 duobus
434 2135 513 2200 loeis
542 2137 611 2219 Iug.
635 2141 717 2222 222.
749 2135 791 2201 ab
816 2136 962 2219 Micipsa.
987 2141 1069 2220 64η.
1101 2135 1143 2200 ab
1171 2134 1311 2199 Metello.

108 2270 129 2310 a
154 2248 355 2332 plerumque
377 2248 545 2332 praeeedit
567 2253 615 2325 ab,
637 2270 714 2313 nam
738 2270 758 2312 a
781 2269 846 2311 non
868 2248 1031 2312 invenitur
1044 2247 1107 2310 nisi
1128 2247 1187 2330 Ep.
1203 2246 1311 2310 Mithr.

111 2367 163 2425 16.
192 2383 214 2425 a
237 2360 339 2424 nobis.
376 2362 502 2440 Antep
524 2361 656 2444 ponitur
680 2381 707 2425 a.
744 2364 781 2424 ab
804 2360 962 2425 habemus
983 2360 1051 2442 lug.
1073 2366 1122 2440 50,
1132 2401 1156 2445 6.
1181 2358 1223 2424 ab
1238 2381 1311 2443 per-

110 2470 295 2556 sequendo.
315 2473 383 2556 Iug.
408 2478 457 2552 76,
465 2513 490 2558 5.
514 2472 556 2538 ab
579 2472 733 2556 perfugis.
778 2472 956 2537 Praeterea
977 2471 1113 2555 legimus
1137 2475 1175 2536 ab
1190 2476 1266 2536 ante
1279 2494 1310 2535 z.

112 2585 157 2649 ab
182 2587 288 2649 Zama
307 2585 446 2649 discedit
466 2585 534 2668 lug.
557 2590 641 2670 61‚1.

205 2696 378 2761 Nonnullis
406 2697 487 2761 loeis
516 2697 755 2780 praepositione
790 2717 810 2760 a
838 2695 1002 2760 indicatur
1030 2716 1092 2775 res,
1124 2717 1185 2779 per
1214 2716 1312 2779 quam

114 2809 234 2892 aliqua
257 2808 398 2873 conditio
428 2813 501 2873 orta
523 2814 589 2873 est:
619 2809 705 2888 „Das
727 2806 959 2891 Hervorgehen
991 2807 1049 2874 der
1073 2806 1231 2889 Wirkung
1253 2828 1312 2872 aus

115 2921 178 2985 der
201 2921 384 2986 Ursaohe:“
407 2942 498 2986 mons
520 2931 624 2986 vastas
644 2925 682 2986 ab
702 2926 822 2985 natura
838 2925 871 2985 et
885 2919 1027 2985 humano
1044 2920 1133 2984 oultu
1144 2919 1213 3003 Ing.
1228 2925 1279 2998 48,
1286 2960 1311 3004 3.

115 3034 182 3098 nisi
214 3054 281 3116 qua
304 3034 352 3118 [o]
374 3032 549 3117 paludibus
579 3037 663 3097 invio
689 3031 752 3096 fuit
774 3031 813 3095 fr.
834 3032 858 3096 Ι.
881 3038 910 3097 8.
933 3053 1007 3096 nam
1030 3032 1133 3096 omnis
1153 3053 1172 3096 a
1195 3037 1313 3096 natnra

116 3145 211 3210 velut
241 3166 338 3228 opere
367 3150 465 3228 atque
500 3144 646 3208 consulto
677 3164 835 3222 praeceps
863 3143 932 3226 Ing.
963 3149 1039 3229 92,5.
1076 3143 1312 3225 infrequentem

117 3259 298 3321 stationem
319 3261 466 3320 nostram
487 3260 733 3335 interioremque
753 3261 823 3320 tum
846 3259 883 3319 ab
907 3255 1006 3319 armis
1021 3255 1060 3319 fr.
1075 3254 1127 3318 IV.
1146 3260 1196 3319 65.
1233 3254 1312 3320 Cum

117 3369 364 3452 praepositione
395 3368 601 3452 conjunctum
625 3371 674 3432 est
695 3373 844 3432 invictos:
872 3373 1069 3446 vosautem,
1100 3364 1163 3430 hoo
1186 3371 1237 3431 est
1255 3385 1312 3450 po·

117 3481 219 3564 polus
247 3481 426 3558 Romanus,
459 3485 563 3545 invicti
592 3483 629 3545 ab
652 3484 803 3558 hostibus,
834 3479 1048 3564 imperatores
1073 3479 1215 3543 omnium
1237 3498 1312 3561 gen-

119 3595 214 3673 tium,
245 3594 325 3657 satis
355 3592 527 3657 habebatis
556 3593 695 3657 animam
723 3592 864 3657 retinere
895 3593 963 3676 lug.
995 3597 1093 3677 3l‚20.
1124 3590 1314 3672 „unbesiogt

119 3725 185 3769 von
207 3705 317 3770 Seiten
349 3705 406 3769 der
435 3705 583 3770 Feinde“.
628 3704 673 3769 Ut
701 3703 821 3768 dieitur
841 3715 946 3768 latam
974 3723 1040 3768 erse
1071 3707 1109 3767 oh
1140 3709 1245 3782 aliquo
1266 3722 1312 3777 re,

120 3814 260 3900 legimus
287 3818 355 3883 Cat.
385 3824 468 3903 32‚1.
499 3823 532 3883 et
560 3822 598 3882 ab
626 3821 770 3882 incendio
804 3815 1015 3898 intellegebat
1048 3814 1162 3879 urbem
1195 3813 1313 3897 vigiliis

121 3935 277 3995 munitam.

208 4041 311 4125 Regio
342 4041 478 4125 alienius
505 4040 553 4104 rei
580 4040 631 4104 vel
659 4041 758 4119 latus,
799 4059 863 4122 quo
892 4038 970 4122 quid
1000 4038 1038 4103 fit
1068 4038 1118 4102 vel
1146 4044 1313 4122 spectatur

125 4152 329 4236 significatur
350 4152 592 4237 praepositione
614 4173 635 4217 a
655 4153 689 4215 in
710 4152 797 4215 notis
818 4150 882 4214 illis
904 4150 1032 4214 dicendi
1054 4149 1216 4215 formulis:

209 4270 247 4330 ab
272 4272 399 4331 dextra:
424 4265 492 4328 Cat.
516 4271 601 4349 δὴ.
631 4263 670 4328 ir.
690 4264 730 4328 11.
749 4270 799 4328 61.

211 4399 231 4442 a
253 4382 381 4442 sinistra
403 4397 441 4441 oc
464 4382 577 4442 dextro
598 4376 667 4459 Ing.
692 4382 741 4456 50,
752 4416 777 4460 4.

211 4494 248 4553 ob
272 4496 386 4553 latere:
405 4489 473 4571 Ing.
497 4494 594 4574 histo.
620 4493 722 4572 long.
