3134 5042
742 374 958 433 ..54-

256 564 359 641 clorio
378 557 594 643 triumphavit
613 558 681 642 lug.
702 563 806 645 114‚3.
845 557 995 623 Metellus
1023 579 1136 639 moena
1156 564 1259 639 alerio
1283 559 1449 624 visebatur

257 670 297 736 fr.
319 671 360 737 ll.
383 675 434 736 23.
472 670 592 736 milites
614 668 733 753 quibus
765 669 800 735 in
830 669 976 736 hibernis
998 675 1153 755 praeerat
1172 677 1296 736 laxiore
1321 676 1450 751 imperio

257 804 357 868 quam
381 787 479 848 antea
503 781 626 848 habere
658 782 726 865 lug.
750 788 801 861 64,
813 822 838 869 5.
882 780 1002 848 milites
1029 789 1164 848 modesto
1192 788 1321 863 imperio
1345 783 1451 849 habiti

257 896 326 980 lug.
357 899 442 982 922.
486 914 606 980 pavum
635 893 715 959 mihi
743 898 840 960 libero
870 916 925 961 ore
953 896 1082 961 locutus
1115 894 1246 960 videtur
1270 896 1341 979 Ing.
1365 903 1451 982 95,2.

257 1028 322 1073 nen
342 1013 411 1073 acie
444 1027 550 1091 neque
575 1012 638 1071 ullo
660 1027 745 1071 more
765 1005 883 1092 proelii
977 1007 1010 1072 in
1030 1010 1159 1073 nestros
1188 1008 1361 1073 incurrunt
1380 1009 1452 1091 Ing.

258 1125 309 1199 97,
321 1160 346 1205 4.
390 1119 466 1186 dein
493 1123 629 1185 cunctos
650 1125 747 1199 pleno
767 1125 873 1200 produ
897 1119 933 1184 in
954 1119 1070 1184 collem
1100 1118 1253 1185 subducit
1275 1122 1343 1203 lug.
1366 1127 1419 1201 98,
1427 1162 1452 1206 4.

252 1252 367 1313 presso
388 1238 495 1313 produ
523 1229 656 1296 silentes
675 1231 744 1315 jam
767 1229 807 1296 ir.
830 1231 886 1296 111.
908 1237 958 1297 67.
1002 1236 1120 1298 incerto
1143 1238 1227 1297 cultu
1247 1232 1385 1317 pavidus
1409 1232 1454 1297 ad

258 1344 381 1411 Sullam
398 1342 543 1409 accurrit
560 1343 632 1426 lug.
652 1348 721 1425 106,
729 1384 753 1430 2.
781 1342 947 1409 Bocchum
960 1343 1064 1428 magis
1076 1348 1197 1410 Punica
1214 1351 1280 1423 fide
1296 1366 1394 1429 quam
1408 1344 1453 1410 ob

257 1478 306 1537 ea,
336 1476 421 1540 quae
452 1454 672 1539 praedicabat
765 1454 938 1521 attinuisse
966 1456 1165 1544 Ing.108,3.
1209 1477 1270 1541 per
1298 1457 1453 1543 injuriam

258 1569 386 1636 malunt
406 1587 505 1652 quam
527 1573 638 1648 optimo
654 1573 733 1647 fiere
753 1565 850 1633 liberi
873 1587 971 1652 agere
991 1566 1045 1633 Or.
1068 1567 1145 1654 Lep.
1164 1574 1192 1634 2.
1222 1570 1453 1635 necessitatem

257 1682 339 1748 nihil
360 1702 459 1747 ausus
475 1679 538 1745 nisi
553 1683 694 1745 muliebri
712 1684 837 1760 inuenio
855 1679 1068 1763 exspectabat
1089 1680 1143 1747 Or.
1158 1681 1235 1765 Lep.
1250 1686 1298 1747 15.
1323 1686 1451 1748 consta·

256 1794 317 1861 bat
331 1802 440 1873 suopte
461 1795 585 1874 inuenio
606 1790 762 1857 alimenta
785 1791 979 1857 mortalibus
1002 1792 1134 1876 gignere
1154 1792 1192 1858 fr.
1200 1792 1224 1858 Ι.
1238 1798 1288 1860 61.
1318 1799 1451 1860 maximo

257 1910 374 1988 qoudio
394 1903 517 1970 bellum
538 1903 673 1969 irritare
695 1902 735 1969 fr.
757 1904 782 1969 1.
801 1909 849 1970 16.
880 1903 1045 1971 Sertorius
1065 1927 1181 1986 moeno
1199 1910 1356 1972 industrio
1377 1927 1451 1992 per-

260 2016 415 2103 quirebat
443 2017 483 2083 fr.
513 2016 643 2083 111.11.
688 2037 803 2098 maone
833 2021 863 2080 u·
890 2021 1038 2082 certatur
1064 2017 1134 2083 Cat
1158 2023 1242 2104 ⁶⁰23·
1274 2018 1344 2103 Ing.
1368 2026 1451 2106 58,3.

258 2151 372 2212 meque
385 2128 560 2196 attendere
578 2128 647 2195 Cat.
661 2134 711 2210 60,
720 2169 745 2216 ὅ.
768 2129 842 2213 lug.
854 2134 937 2215 bow.
962 2135 1012 2209 79,
1022 2171 1047 2216 6.
1067 2136 1119 2211 94,
1126 2170 1152 2216 5.
1172 2130 1210 2195 fr.
1218 2131 1243 2195 1.
1258 2136 1309 2196 40.
1332 2137 1453 2211 majore

258 2248 288 2308 ei
307 2242 419 2309 hostes
440 2246 559 2326 urgent
580 2241 649 2326 lug.
674 2247 756 2328 56,6.
801 2263 918 2307 sumum
938 2247 968 2307 ei
993 2291 1024 2308 ..
1046 2241 1163 2308 nititur
1181 2243 1249 2327 Ing.
1270 2249 1344 2330 25‚9
1367 2249 1451 2330 926.

259 2365 436 2437 ᾳαααιαᾳαε
456 2359 486 2420 αἱ
565 2359 700 2433 jusserit
720 2353 789 2437 Ing.
799 2358 851 2433 40,
857 2395 883 2440 3.
905 2375 945 2419 ne
962 2358 1092 2435 simplici
1111 2353 1243 2437 quidem
1267 2366 1363 2421 morte
1384 2377 1452 2421 mo·

258 2466 429 2534 riebantur
450 2466 489 2533 ir.
513 2466 570 2533 III.
593 2471 645 2547 25,
689 2471 793 2532 multis
809 2470 959 2546 precibus
981 2488 1081 2551 quum
1104 2471 1215 2532 oraret
1235 2467 1273 2532 fr.
1295 2468 1352 2532 III.
1376 2474 1426 2534 67.

345 2580 464 2646 Rarius
487 2579 662 2646 Sallustius
689 2578 857 2664 conjungit
879 2577 1057 2644 ablativum
1079 2578 1182 2660 modi,
1214 2580 1271 2663 qui
1290 2581 1452 2646 actionem

262 2693 358 2778 quasi
380 2693 556 2759 comitatur
586 2711 660 2757 eum
690 2690 934 2775 praepositione
967 2713 1043 2756 cum.
1087 2691 1169 2757 Fere
1191 2691 1341 2758 omnibus
1363 2693 1451 2773 loeis,

258 2805 315 2872 nbi
337 2804 423 2870 hane
445 2809 646 2871 structuram
670 2803 861 2882 invenimus,
892 2803 1057 2887 adjectum
1079 2808 1130 2868 est
1150 2802 1293 2869 ablativo
1317 2805 1451 2891 adjecti-

257 2939 332 2984 vum
355 2917 504 3001 aliquod:
526 2937 593 2981 oum
619 2936 733 2981 summo
757 2921 859 2981 studio
881 2914 968 2980 domi
986 2914 1249 2999 exsequebantur
1270 2917 1338 2982 Cat.
1354 2924 1403 2998 51,
1410 2960 1450 3004 33.

259 3030 351 3096 vobis
370 3051 486 3095 summe
508 3049 575 3094 cum
597 3032 796 3108 turpitudine
817 3027 852 3092 in
871 3027 967 3094 exilio
990 3031 1132 3094 aetatem
1154 3048 1253 3112 agere
1279 3029 1347 3094 Cat.
1372 3036 1451 3117 58,3.

258 3148 393 3227 praetor
414 3163 481 3208 cum
502 3162 616 3221 moeno
638 3144 742 3222 pluria
763 3140 798 3205 in
821 3139 967 3205 exercitu
988 3139 1098 3206 fuerat
1118 3141 1186 3206 Cat.
1200 3148 1283 3227 59sp
1310 3144 1450 3208 maximo

259 3255 400 3320 clamore
443 3274 510 3319 eum
547 3257 669 3334 infertis
706 3258 806 3335 siquis
840 3259 1038 3318 concurrunt
1078 3253 1146 3319 Cat.
1177 3260 1227 3334 60,
1236 3296 1262 3339 2.
1306 3275 1374 3319 eum
1396 3278 1450 3321 suo

259 3372 378 3434 currilia
402 3386 525 3450 poenas
550 3370 644 3449 petat
669 3366 737 3450 lug.
756 3372 841 3453 65‚3.
879 3387 946 3431 cum
967 3387 1082 3447 meque
1103 3388 1181 3432 curo
1203 3388 1323 3451 parare
1344 3369 1451 3433 omnia

258 3480 432 3565 Iug.66,1.
487 3499 554 3544 cum
584 3484 718 3544 maximo
745 3500 824 3545 curo
853 3477 957 3544 ultum
983 3479 1032 3545 ire
1060 3478 1197 3564 injurias
1222 3479 1355 3544 festinat
1382 3480 1450 3564 lug.

260 3598 344 3678 68,1.
396 3612 464 3658 cum
481 3612 592 3672 mayoc
613 3596 729 3672 quadie
760 3590 847 3657 obvii
871 3590 1053 3675 procedunt
1074 3592 1142 3674 lug.
1166 3597 1249 3677 69‚1.
1294 3597 1450 3675 quantum

259 3725 327 3770 eum
352 3709 483 3770 maximo
517 3714 619 3770 vostro
658 3708 804 3781 beneficio
834 3703 945 3787 negoti
972 3703 1149 3769 sustineam
1178 3704 1246 3786 lug.
1277 3710 1361 3790 85‚3.
1405 3705 1450 3768 vi·

259 3838 341 3883 neae
371 3838 438 3883 oum
468 3821 586 3898 tepenti
609 3822 754 3897 periculo
791 3814 915 3882 frustra
951 3816 1134 3900 agebantur
1164 3817 1232 3900 Ing.
1256 3821 1339 3902 92‚8.
1384 3839 1449 3882 cum

187 3962 188 3966 ¹
259 3935 433 3996 machinato
463 3934 595 4010 strepitu
616 3928 796 3994 tonitrunm
818 3949 971 3994 coronam
1067 3928 1257 4014 imponebat
1278 3928 1318 3993 ir.
1340 3928 1447 3994 1123.

260 4065 328 4109 cum
357 4063 467 4124 moene
501 4049 629 4108 tumultu
660 4041 787 4107 invadit
809 4041 848 4108 fr.
870 4042 911 4107 Π.
935 4048 986 4108 40.
1030 4039 1218 4106 Notandum
1241 4046 1292 4106 est
1312 4061 1448 4126 praepo·

261 4156 410 4220 sitionem
433 4175 561 4239 semper
582 4155 660 4239 poni
681 4159 757 4219 ante
781 4154 977 4241 adJ'ectivum
1000 4158 1033 4218 et
1054 4153 1292 4219 substantivum
1315 4159 1446 4237 excepto

260 4287 325 4331 uno
347 4266 419 4332 loco
442 4267 510 4332 Cat.
525 4273 609 4353 68‚3.
649 4288 775 4333 summa
797 4288 871 4333 oum
892 4265 1104 4351 turpitudine.
1148 4265 1351 4349 Praepositio
1378 4287 1447 4330 eum

262 4377 380 4443 omisso
414 4378 575 4463 adjectivo
603 4401 669 4445 non
696 4379 818 4463 legitur
846 4379 908 4444 nisi
937 4380 1128 4465 Iug.14,15.
1160 4399 1227 4442 oum
1256 4398 1397 4443 maerore
1417 4383 1446 4442 et

263 4494 346 4552 luctu
371 4495 475 4555 morte
503 4492 685 4573 graviorem
716 4492 816 4556 vitam
838 4491 980 4573 exigunt.
1006 4492 1074 4573 lug.
1099 4498 1181 4574 54η.
1224 4489 1351 4554 saucios
1384 4512 1444 4554 curu
