3134 5042
705 384 922 448 ...28-

213 576 278 648 fide
302 569 476 654 pariuntur
496 569 565 654 lug.
590 576 669 656 1⁰24·
709 570 875 637 Bocchum
894 571 999 656 magis
1020 577 1140 638 hoico
1159 579 1224 650 fide
1246 593 1345 656 quarn
1367 572 1411 637 ob

218 693 371 766 eaquae
400 680 616 765 praedicabat
645 682 741 749 simvss
767 683 951 750 Romanum
981 689 1015 750 et
1035 683 1210 751 Numidam
1241 705 1298 765 spe
1318 685 1413 769 pacis

217 795 389 860 attinuisse
415 794 609 882 Ing.108‚3.
643 794 762 861 Aulum
790 816 847 877 spe
874 796 1035 881 pactionis
1064 796 1209 882 perpulit
1233 798 1302 882 Ing.
1325 803 1411 884 38sp

216 911 369 973 naturam
406 907 561 991 ipsam...
590 912 747 973 indistria
781 910 908 975 vicerat
937 909 1006 993 lug.
1036 914 1118 996 76η.
1148 916 1275 990 pauore
1305 910 1412 993 magis

217 1039 317 1104 quam
337 1025 416 1085 molo
438 1019 618 1085 exercitum
648 1019 825 1086 coercebat
844 1021 913 1105 lug.
938 1026 1038 1108 1⁰⁰2s·
1072 1022 1121 1087 ita
1143 1027 1288 1102 cupidine
1310 1027 1412 1106 atque

217 1137 278 1208 iro,
316 1130 466 1215 pessimis
505 1130 749 1198 consultoribus
786 1133 931 1216 massari
958 1133 1026 1217 lug.
1058 1139 1141 1221 64,5‚
1173 1155 1272 1218 saepo
1304 1140 1410 1215 prolia

216 1241 381 1309 interdurn
403 1247 524 1324 Jarpiir
553 1241 714 1309 trahendo
749 1248 878 1329 tempus
906 1242 976 1329 lug.
1001 1250 1084 1332 27,1.
1118 1246 1168 1312 sui
1197 1245 1409 1331 expurgandi,

217 1353 275 1421 ubi
295 1359 407 1436 jurato
436 1353 608 1421 bcessitus
636 1354 723 1421 foret
752 1355 821 1422 Cat
847 1361 898 1438 31,
905 1398 930 1444 ὅ.
962 1362 1094 1438 paridis
1129 1362 1256 1424 ceteros
1285 1363 1409 1423 terrere

217 1467 286 1532 Cat.
310 1471 392 1552 39,2.
421 1466 589 1550 poricides
617 1467 767 1553 sacrilegi
798 1469 937 1535 convicti
958 1474 1091 1550 Jtdieiis
1121 1470 1189 1536 Cat.
1216 1475 1265 1549 14,
1272 1511 1298 1556 3.
1329 1490 1409 1554 quos

216 1600 333 1645 manus
346 1584 446 1662 atque
460 1577 574 1663 lingua
588 1585 737 1662 periurio
754 1586 813 1646 aut
829 1587 983 1663 scopatae
1004 1587 1087 1648 civili
1109 1581 1221 1648 alebat
1241 1582 1309 1666 lug.
1330 1588 1378 1663 14,
1383 1625 1409 1669 3.

218 1709 300 1774 quos
327 1712 387 1776 per
415 1689 512 1757 fidem
539 1696 598 1757 aut
618 1696 767 1773 perjurio
797 1692 927 1759 violasti
957 1693 1011 1760 Or.
1033 1693 1115 1760 Phil,
1141 1699 1190 1760 15.
1233 1693 1410 1760 Praeterea

218 1801 378 1887 adscripsi
400 1801 561 1869 ablativos
581 1803 848 1871 instrumentales
869 1804 946 1871 hos:
973 1806 1151 1872 ambobus
1172 1806 1409 1873 animadverte-

217 1913 300 1980 bant
319 1915 353 1979 in
372 1914 458 1980 cives
477 1914 546 1981 Cat.
569 1920 619 1995 51,
626 1956 658 2002 39
682 1937 712 1981 u.
735 1957 775 2003 21.
806 1920 960 1996 beneficis
992 1917 1098 2001 magis
1129 1938 1228 2001 quam
1248 1929 1330 1984 meta
1351 1920 1410 1984 im·

217 2026 344 2110 perium
359 2025 531 2110 agitabant
552 2026 622 2092 cat.
645 2033 708 2115 9,⁶.
731 2027 771 2094 cf.
795 2034 846 2110 91,
857 2069 880 2116 7.
902 2029 1095 2114 Iugurtham
1112 2035 1267 2108 beneficiis
1282 2031 1411 2097 vincere

218 2158 392 2222 aggressus
419 2143 470 2203 est
501 2138 569 2223 lug.
592 2145 622 2220 9,
629 2180 654 2227 3.
687 2130 871 2228 ct102ffl.
909 2145 1054 2221 bmefido
1090 2162 1155 2208 mco
1187 2141 1308 2208 fratres
1337 2148 1414 2208 sunt

216 2249 286 2332 lug.
311 2254 360 2330 10,
367 2292 393 2336 3.
430 2271 465 2316 se
495 2255 631 2317 omnibus
656 2257 786 2334 sispitiis
827 2252 1066 2323 dedecoravere
1096 2254 1165 2338 lug.
1196 2260 1247 2336 85,
1255 2295 1296 2341 42.
1326 2275 1412 2338 quae

211 2367 357 2442 plurimis
387 2366 542 2428 laboribus
575 2367 609 2429 et
637 2369 791 2444 periculis
834 2365 980 2448 quaesivi
1016 2366 1084 2450 lug.
1122 2372 1173 2447 85,
1183 2407 1224 2453 30.
1263 2371 1412 2451 sumptus

218 2483 327 2554 stupro
357 2474 502 2559 corporis
531 2475 731 2542 toleraverat
761 2476 830 2542 Cat.
854 2482 905 2558 24,
912 2519 937 2564 3.
967 2477 1143 2544 Antonium
1167 2483 1317 2558 parione
1335 2500 1411 2563 pro·

218 2586 343 2651 vinciae
372 2586 564 2671 perpulerat
592 2586 661 2654 Cat.
693 2593 776 2674 26‚4.
813 2593 1010 2655 concessione
1044 2590 1141 2656 Asiae
1174 2595 1324 2655 avortere
1351 2591 1409 2676 Ep.

218 2697 328 2763 Mitbr.
353 2703 381 2764 6.
412 2698 489 2782 quia
512 2709 607 2779 pacto
636 2701 737 2766 vitam
767 2700 927 2767 dederant
953 2701 1012 2786 Ep.
1035 2701 1145 2768 Mithr.
1169 2707 1198 2783 7,
1222 2701 1262 2767 cf.
1284 2702 1324 2766 fr.
1345 2702 1409 2767 Inc.

220 2816 271 2877 84.
296 2830 437 2893 namquo
467 2816 566 2876 edicto
593 2811 735 2895 primurn
757 2812 947 2897 adjumenta
978 2814 1128 2898 ignaviae
1151 2813 1320 2880 sustulisse
1342 2814 1409 2898 lug.

219 2916 302 3008 4572·
334 2921 374 2987 cf.
396 2922 437 2987 fr.
459 2922 514 2987 III.
538 2928 588 2988 67.
626 2928 760 2989 docetis
787 2930 852 2990 suis
885 2925 1017 3012 inopiae
1052 2927 1122 3011 ejus
1154 2926 1305 3011 opitulati
1336 2930 1411 2992 sunt

219 3034 287 3101 Gat.
311 3040 392 3121 33‚3.
414 3044 590 3100 testamento
605 3035 730 3120 pariter
747 3057 821 3102 cum
836 3035 914 3103 filiis
927 3038 1081 3104 heredem
1098 3038 1241 3104 instituit
1265 3039 1333 3122 Iug.
1347 3045 1376 3120 9,
1385 3081 1409 3125 3.

218 3157 396 3213 testamento
417 3146 512 3214 nobis
534 3147 612 3213 data
634 3148 674 3214 fr.
696 3148 736 3214 II.
761 3154 811 3216 39.
853 3169 959 3233 neque
977 3155 1083 3230 pretio
1104 3171 1210 3234 neque
1231 3156 1338 3231 qratia
1360 3150 1410 3216 Gi·

218 3279 368 3326 ceronem
395 3259 562 3344 impellere
599 3260 732 3344 quivere
762 3261 831 3328 Cat.
861 3266 945 3348 49,1.
975 3262 1015 3327 cf.
1045 3262 1113 3346 Ing.
1144 3268 1195 3343 29,
1202 3301 1228 3348 3.
1267 3267 1411 3327 conviviis

218 3373 358 3456 gratiam
391 3392 550 3456 quaerere
587 3373 655 3456 lug.
690 3379 720 3454 4,
728 3415 753 3460 3.
793 3373 972 3440 exercitum
1004 3378 1157 3454 supplicio
1197 3394 1314 3458 cogere
1342 3375 1410 3457 lug.

218 3491 316 3572 85‚35.
345 3484 370 3549 ii
392 3505 497 3568 neque
516 3488 650 3549 moribus
671 3506 777 3570 nequo
800 3493 868 3568 leqe
890 3492 948 3551 aut
969 3491 1097 3566 imperio
1120 3486 1320 3570 regebantur
1342 3487 1410 3570 lug.

220 3603 269 3679 18,
279 3639 303 3684 2.
334 3596 500 3683 cf.100‚5.
532 3603 600 3678 ispe
621 3601 804 3677 Sempronio
831 3598 1018 3683 provinciae
1048 3598 1200 3664 decretae
1229 3598 1297 3682 lug.
1327 3603 1410 3685 27‚3.

219 3717 287 3792 ispe
322 3714 453 3776 Gabinio
481 3709 667 3795 Bithyniam
699 3715 733 3775 ct
763 3710 904 3777 Pontum
937 3710 1061 3776 consuli
1089 3708 1201 3775 datam
1231 3710 1271 3774 fr.
1301 3711 1338 3777 V.
1363 3716 1411 3776 10.

218 3823 282 3887 nisi
305 3820 390 3888 forte
411 3827 576 3902 repentino
600 3827 661 3887 istc
677 3828 890 3903 frumentario
911 3828 980 3904 leae
1008 3822 1120 3887 munia
1142 3826 1252 3888 vestra
1273 3843 1412 3906 pensan-

218 3940 274 4001 tur
302 3934 355 3999 Or.
378 3934 479 4000 Macr.
506 3938 555 4001 19.
578 3934 619 3999 iis
642 3934 800 4000 utendum
821 3955 947 4015 conseo,
974 3955 1060 4018 quae
1082 3938 1199 4015 lapibus
1222 3938 1413 4019 comparata

219 4052 296 4113 sunt
316 4046 386 4112 eat,
410 4052 494 4133 bbg.
524 4051 633 4127 quibm
656 4047 775 4128 lapibus
805 4046 938 4113 exilium
960 4046 1122 4112 damnatis
1147 4047 1342 4130 permissum
1364 4052 1413 4112 est

219 4159 288 4225 Cat.
320 4164 419 4244 51,40.
456 4163 574 4240 lapibus
604 4158 746 4224 ambitus
774 4159 997 4243 interrogatus
1026 4158 1095 4224 Cat.
1127 4163 1209 4244 18,2.
1245 4158 1316 4242 ipsc
1345 4166 1412 4240 iope

218 4277 343 4337 Pisatis
363 4272 584 4354 interrogatus
608 4277 680 4336 erat
711 4271 753 4337 ab
782 4272 818 4336 L.
841 4271 944 4337 Paulo
967 4271 1036 4337 Cat.
1061 4276 1145 4356 31,4.
1177 4269 1314 4336 delubra
1337 4271 1412 4336 deo·

218 4405 292 4451 rum
314 4388 434 4463 pietate
464 4382 576 4449 domos
608 4404 684 4448 suas
713 4388 816 4464 pierio
837 4381 1039 4449 decorabant
1060 4383 1128 4447 Cat.
1153 4387 1202 4462 12,
1209 4423 1233 4467 4.
1262 4403 1412 4466 regnum-

220 4517 283 4581 que
304 4516 413 4561 meum
433 4499 536 4575 oloris
560 4494 761 4560 honoravisti
795 4505 909 4573 tuaque
931 4499 1042 4558 virtuto
1069 4494 1163 4560 nobis
1184 4494 1348 4560 Romanos
1372 4515 1412 4558 ex
