3134 5042
724 368 938 427 ..73-

323 557 371 617 Ex
392 556 598 637 conjunctum
622 573 694 617 cum
714 552 926 617 substantivis
944 557 1004 616 iter
1028 556 1062 616 et
1077 558 1170 631 fuya,
1192 571 1276 634 quae
1300 551 1422 616 exitum

168 650 172 658 ’
234 665 329 748 quasi
344 663 536 748 significant
558 662 683 729 indicat
702 662 810 729 locum
828 685 868 729 ex
891 685 956 748 quo
977 663 1101 746 aliquid
1118 663 1235 745 agitur.
1264 662 1331 729 Nos
1352 685 1422 728 ver·

235 777 333 842 timus
353 775 432 857 „auf
451 777 524 841 dem
540 774 699 857 Maresha
721 781 913 861 untcrwegs‚
936 776 996 842 aul
1005 776 1064 841 der
1078 774 1224 840 Fluuhr.
1252 796 1292 840 ex
1306 775 1424 840 itinere

234 888 398 973 plerisque
418 887 644 953 consularibus
665 938 672 952 .
693 937 700 952 .
718 937 725 952 .
746 888 876 953 litteras
899 887 1001 953 mittit
1022 887 1091 953 Cat.
1115 891 1165 967 34,
1175 928 1200 973 2.
1243 892 1424 953 retractum

235 1021 275 1065 ex
307 1000 424 1065 itinere
446 1020 566 1083 parens
596 1000 708 1065 necari
731 1000 830 1085 jussit
851 999 920 1065 cat.
945 1005 1029 1086 39⁷⁶·
1056 999 1096 1064 cf.
1119 1005 1171 1080 48,
1182 1040 1207 1086 3.
1258 1000 1425 1082 cognoscit

234 1112 374 1178 Marium
400 1132 441 1177 ex
468 1112 585 1177 itinere
616 1111 848 1177 frumentatum
880 1133 953 1177 oum
982 1111 1096 1196 paucis
1194 1111 1327 1176 missum
1353 1111 1425 1194 Ing.

236 1229 318 1311 56,3.
349 1245 389 1289 ex
411 1223 490 1307 fuga
511 1227 673 1288 retractus
695 1228 768 1288 erat
790 1223 859 1290 (lat.
878 1230 930 1304 47,
938 1265 963 1309 4.
1005 1244 1099 1288 nemo
1122 1224 1264 1288 omnium
1282 1222 1426 1288 Numida

235 1357 275 1401 ex
296 1336 375 1420 fuga
396 1357 507 1420 regem
530 1336 677 1418 sequitur
697 1336 766 1420 lug.
791 1342 874 1422 54‚4.

318 1448 382 1513 Pro
404 1448 544 1531 genitivo
569 1447 748 1532 subjective
767 1447 820 1513 vel
839 1447 1000 1533 objectivo
1022 1447 1225 1531 praepositio
1253 1469 1293 1512 ex
1314 1448 1426 1531 posita

235 1565 285 1625 est
305 1559 357 1624 bis
366 1560 462 1625 locis:
486 1559 572 1625 iners
589 1559 727 1638 inbellis,
749 1579 855 1643 neque
870 1560 1008 1645 periculi
1022 1580 1128 1643 neque
1144 1559 1267 1625 laboris
1285 1560 1426 1643 patiens,

234 1674 345 1756 lingua
367 1692 465 1755 quam
480 1693 578 1736 manu
593 1672 785 1757 promptior,
802 1678 977 1752 praedator
1002 1693 1043 1737 ea
1057 1676 1149 1736 sociis
1166 1677 1199 1737 et
1214 1672 1284 1756 ispe
1299 1671 1426 1754 praeda

234 1784 375 1850 hostium
397 1785 466 1867 lug.
487 1790 570 1869 44η.
615 1784 801 1849 excubitum
822 1784 856 1849 in
880 1789 993 1867 portas
1025 1789 1159 1848 cohortis
1181 1804 1222 1848 ex
1243 1787 1426 1863 temonibus,

234 1918 294 1980 pro
318 1896 434 1961 castris
457 1901 581 1979 equites,
595 1917 636 1961 ex
658 1900 837 1961 easilteriis
859 1888 990 1960 mittere
1010 1897 1080 1979 lug.
1105 1901 1208 1980 100‚4.
1253 1915 1343 1978 spem
1366 1895 1427 1960 bc·

234 2030 309 2074 nam
332 2029 373 2073 ex
393 2007 485 2073 vobis
508 2008 561 2073 Or.
584 2007 667 2073 Mac.
690 2014 720 2074 4.
975 2086 978 2092 ,

320 2119 434 2201 Causa,
457 2121 548 2204 origo
571 2124 605 2185 et
625 2119 696 2185 lons
719 2140 846 2203 exque
872 2119 1005 2203 prodire
1034 2119 1159 2203 aliquid
1181 2118 1309 2198 dicitur,
1340 2118 1426 2182 indi·

235 2237 329 2298 cetur
350 2232 460 2298 multis
481 2233 561 2297 locis
583 2231 646 2296 hac
666 2232 916 2315 praepositione.
950 2233 1051 2316 igitur
1072 2252 1113 2297 ex
1135 2231 1255 2296 divitiis
1272 2231 1426 2314 juventu·

234 2350 301 2410 tem
316 2344 447 2410 luxuria
471 2350 570 2427 atque
592 2344 731 2409 avaritia
822 2344 970 2409 invasere
991 2344 1061 2410 Cat.
1087 2348 1171 2430 122.
1210 2364 1286 2407 nam
1309 2348 1346 2407 ut
1368 2363 1427 2407 cu·

231 2458 351 2542 jusque
380 2455 523 2521 studium
555 2477 595 2520 ex
623 2460 732 2521 aetate
765 2455 934 2539 flagrabat
957 2462 1006 2537 14,
1014 2496 1039 2540 6.
1083 2455 1141 2521 sed
1161 2476 1202 2520 ex
1230 2455 1303 2520 aliis
1325 2454 1427 2519 rebus

235 2570 338 2652 magis
361 2590 459 2652 quam
483 2567 570 2651 quod
592 2568 743 2651 cuiquam
765 2567 800 2631 id
824 2573 1025 2652 compertum
1047 2567 1133 2632 foret
1154 2567 1236 2631 haec
1258 2566 1347 2631 fama
1368 2588 1426 2630 va-

235 2681 326 2746 lebat
349 2686 430 2766 14,7.
470 2679 725 2745 satisfactionem
747 2700 788 2744 ex
809 2679 900 2744 nulla
922 2680 1120 2746 conscientia
1141 2698 1326 2763 proponere
1347 2683 1425 2764 353.

235 2793 383 2877 plerique
406 2792 522 2858 Crasso
551 2813 590 2857 ex
613 2791 751 2874 negotiis
780 2792 918 2875 privatis
948 2790 1079 2857 obnoxii
1100 2797 1186 2876 48,5.
1231 2789 1363 2855 Catulus
1383 2811 1426 2854 ex

235 2905 392 2990 petitione
412 2903 621 2988 pontificatus
645 2904 719 2970 odio
741 2904 893 2969 incensus
913 2909 964 2983 49,
974 2945 999 2990 2.
1037 2925 1078 2970 ex
1099 2902 1292 2969 difficultate
1316 2923 1427 2966 rerum

237 3017 350 3083 eadem
371 3017 429 3081 illa
451 3016 639 3082 existimans
662 3023 747 3104 522.
794 3016 996 3081 commodum
1019 3037 1059 3081 ex
1081 3017 1147 3082 otio
1169 3036 1241 3081 meo
1264 3039 1362 3102 quam
1384 3039 1426 3082 ex

237 3130 374 3195 aliorum
396 3129 534 3212 negotiis
557 3135 727 3195 venturum
749 3130 818 3213 lug.
837 3135 866 3208 4,
874 3169 898 3214 4.
921 3128 973 3193 oui
994 3135 1110 3212 postea
1133 3128 1285 3194 Africano
1308 3151 1426 3214 cogno-

236 3262 310 3306 men
335 3263 375 3306 ex
396 3242 515 3307 virtute
536 3240 599 3306 fuit
616 3242 683 3324 lug.
708 3247 769 3327 5³4·
822 3262 960 3325 quorum
988 3241 1127 3305 alterum
1159 3263 1199 3306 ex
1220 3243 1427 3326 providentia

236 3354 401 3433 timorem,
429 3353 567 3418 alterum
599 3375 639 3417 ex
669 3353 807 3418 audacia
837 3353 1055 3419 temeritatem
1085 3352 1204 3418 afferre
1234 3354 1425 3437 plerumque

238 3466 321 3532 solet
342 3472 404 3552 7‚5.
441 3486 550 3549 pax..
573 3485 700 3548 exque
722 3465 764 3530 ad
787 3465 978 3549 iugurtham
1001 3465 1159 3531 scelerum
1180 3466 1357 3548 impunitas

237 3579 444 3662 pervenerint·
464 3578 533 3660 lug.
556 3583 655 3663 31‚19.
702 3597 742 3642 ex
765 3578 964 3643 conscientia
989 3577 1157 3642 diffidenti.
1181 3583 1231 3658 32,
1240 3620 1265 3666 5.
1319 3581 1424 3662 magis

238 3711 278 3756 ex
299 3711 404 3774 aequo
423 3689 574 3774 bonoque
595 3711 694 3773 quam
716 3709 756 3754 ex
772 3691 847 3774 jure
869 3691 1013 3774 gentium
1105 3688 1144 3753 fit
1165 3711 1240 3757 reus
1264 3697 1345 3777 35,7⁴
1384 3712 1425 3756 ex

238 3803 357 3868 delicto
379 3801 492 3867 fratris
504 3802 658 3867 invidiam
732 3802 850 3868 timens
873 3809 923 3883 39,
933 3844 957 3888 2.
986 3802 1134 3885 quaestio
1152 3804 1296 3869 exercita
1309 3823 1424 3887 aspere

237 3914 460 3998 violenterque
476 3935 516 3979 ex
537 3935 667 3979 rumore
691 3918 724 3980 et
744 3912 878 3980 libidine
900 3914 1005 3999 plebis
1026 3920 1110 4000 40,5.
1141 3935 1182 3980 ex
1203 3916 1353 3981 secundis
1373 3936 1424 3979 re·

238 4027 300 4092 bus
323 4027 494 4091 insolentia
524 4032 657 4111 ceperat
679 4033 764 4113 40,5.
807 4027 881 4112 plus
904 4047 945 4092 ex
971 4027 1065 4092 malis
1094 4027 1239 4093 moribus
1269 4028 1424 4093 sollicitu-

239 4139 325 4205 dinis
348 4159 446 4222 quam
469 4159 509 4204 ex
531 4139 626 4223 eopia
646 4140 786 4204 militum
808 4139 922 4205 auxilii
950 4144 1008 4205 aut
1029 4140 1099 4224 spei
1118 4138 1224 4204 bonae
1247 4139 1425 4206 accedebat

238 4257 290 4332 44,
301 4293 326 4338 2.
370 4251 404 4315 in
428 4272 519 4336 spem
540 4251 697 4317 victoriae
727 4251 889 4318 adductus
910 4272 950 4317 ex
979 4251 1223 4337 opportunitate
1252 4251 1316 4318 loci
1338 4258 1422 4339 48‚2.

237 4362 361 4429 veritus
383 4383 423 4429 ex
445 4363 521 4428 anni
542 4368 688 4447 tempore
712 4369 745 4431 et
765 4365 876 4449 inopie
898 4385 1003 4448 aquae
1029 4371 1111 4452 50,1.
1156 4363 1361 4448 magnificum
1384 4385 1424 4430 ex

239 4474 314 4539 Auli
342 4473 492 4538 socordia
522 4481 603 4559 55,1.
656 4496 696 4540 ex
727 4476 814 4541 mala
842 4477 1039 4541 conscientia
1067 4478 1166 4560 digna
1191 4478 1307 4542 timere
1338 4482 1422 4562 623.
