3134 5042
662 371 875 433 ..23-

171 558 345 624 uacbhed‘.
386 558 455 642 lug.
474 561 552 645 13,3
576 556 688 641 paucis
710 555 826 623 diebus
848 577 922 622 cum
945 578 1026 624 auro
1046 564 1080 624 et
1101 564 1237 643 argento
1262 559 1365 626 multo

171 671 309 736 Romam
330 669 439 735 mittit.
483 669 553 754 lug.
569 674 642 757 35,9
666 669 790 754 etipse
812 670 926 754 paucis
940 669 1056 736 diebus
1072 668 1184 737 eodem
1197 670 1365 756 profectus

172 787 230 848 est.
283 787 357 869 46,5
397 782 511 866 paucis
543 781 659 848 diebus
696 781 822 847 intento
857 785 957 866 atque
989 781 1109 848 infesto
1148 783 1293 849 exercitu
1331 783 1365 848 in

172 894 359 961 Numidiam
380 893 537 979 procedit.
591 900 670 975 64,5
700 893 815 978 paucis
848 892 963 959 diebus
991 892 1183 979 Iugurtham
1211 894 1247 960 in
1277 900 1364 962 cate·

171 1007 222 1073 nis
244 1005 443 1072 habiturum.
488 1012 564 1092 8⁶24
596 1007 712 1092 paucis
740 1005 855 1072 diebus
878 1005 1009 1072 Uticam
1040 1003 1220 1072 advehitur.
1267 1012 1363 1094 1⁰7rr

171 1117 289 1185 deinde
311 1118 425 1203 paucis
449 1117 563 1184 dicbus
589 1139 654 1203 quo
680 1117 737 1183 'ire
767 1117 955 1184 intenderat
975 1122 1167 1202 perventum
1189 1122 1247 1183 est.
1291 1118 1365 1184 Nou

172 1231 277 1296 solum
298 1229 454 1315 temporis
484 1234 650 1314 puuctum,
679 1229 737 1295 sed
764 1229 894 1314 longius
924 1228 1081 1314 temporis
1111 1228 1255 1314 spatium
1275 1228 1365 1297 intra

172 1341 260 1426 quod
278 1341 390 1427 aliqua
412 1362 466 1407 res
491 1340 580 1407 facta
602 1346 652 1408 est
672 1341 724 1407 rel
744 1341 802 1409 fiat
823 1362 956 1408 necesse
987 1344 1039 1407 est
1059 1340 1223 1426 siguificat
1244 1340 1363 1407 ablati·

170 1476 238 1520 vus.
282 1455 351 1539 lug.
375 1458 451 1540 38„
475 1457 649 1539 praeterea
677 1455 725 1520 uti
748 1458 855 1520 diebus
887 1459 990 1520 decem
1012 1452 1166 1519 Numidia
1191 1451 1366 1520 decederet

171 1564 362 1648 „inuerbalb
388 1565 469 1632 zehn
502 1565 642 1655 Tagen“.
674 1565 764 1649 ulug.
784 1570 857 1652 2451
889 1570 1005 1646 paucis
1036 1569 1143 1632 metus
1170 1565 1265 1651 jussa
1294 1565 1365 1631 effi·

173 1678 271 1744 ciunt.
317 1682 393 1764 39,4
414 1682 530 1759 paucis
559 1681 667 1744 dictus
692 1678 727 1744 in
748 1676 894 1744 Africam
923 1677 1152 1763 proficiscitur.
1197 1678 1267 1761 lug.
1291 1681 1363 1764 ll,6

171 1810 248 1855 uam
276 1789 383 1875 ipsum
403 1789 495 1856 illum
524 1793 622 1856 tribus
638 1794 795 1872 proximis
824 1795 915 1855 ccam
943 1790 978 1855 in
1008 1809 1143 1873 regnum
1167 1789 1363 1874 pervenisse.

170 1901 229 1987 Ep.
253 1903 407 1987 Pomp.4
439 1906 545 1975 diebus
576 1907 788 1984 pacdrcpimtc
818 1901 997 1968 exercitum
1027 1901 1152 1986 parari.
1195 1901 1265 1986 Iug.
1287 1906 1360 1988 31„
1421 1918 1424 1923 ’

170 2019 218 2080 bis
239 2020 331 2081 canis
354 2020 527 2097 quindecim
551 2034 650 2100 quam
667 2013 812 2080 ludibrio
830 2013 958 2080 fueritis
980 2013 1152 2099 superbiae
1174 2033 1364 2100 paucorum·

171 2127 239 2193 Cat.
264 2133 336 2214 55„
362 2131 490 2194 noctem
512 2146 598 2213 quae
626 2126 773 2193 instabat
796 2130 1000 2212 antecapere,
1029 2146 1070 2193 ne
1100 2124 1179 2211 quid
1205 2148 1240 2191 eo
1262 2131 1363 2207 spatio

170 2243 354 2305 novaretur.
398 2239 467 2307 (lat.
484 2245 556 2326 aa.
581 2259 621 2305 ac
645 2244 730 2305 brevi
749 2244 851 2319 spatio
872 2239 1018 2323 legiones
1039 2257 1174 2304 numero
1196 2237 1363 2304 bominum

171 2351 368 2436 expleverat.
410 2351 479 2436 Iup.
498 2357 549 2433 87,
559 2393 574 2439 3
598 2350 646 2416 sic
664 2356 749 2417 brevi
769 2357 871 2432 spatio
893 2351 968 2417 novi
990 2354 1182 2435 veteresque
1202 2350 1362 2417 coaluere.

171 2464 236 2530 Sed
257 2463 459 2549 praepositio
483 2483 613 2550 quoque
634 2468 814 2549 usurpatur
835 2462 1025 2529 aSallustio
1048 2462 1091 2528 ad
1114 2461 1363 2548 significandum

169 2578 326 2661 temporie
348 2576 489 2661 spatium
518 2577 606 2643 intra
634 2575 722 2661 quod
744 2575 869 2660 aliquid
890 2575 937 2641 fit.
981 2575 1050 2659 Ing.
1075 2580 1151 2661 28„
1172 2574 1222 2640 uti
1244 2579 1277 2639 im
1299 2580 1362 2640 die-

172 2694 227 2755 bus
243 2693 399 2770 proximis
426 2695 530 2755 decem
552 2688 648 2755 Italia
676 2688 881 2755 decederent.
915 2688 1084 2774 lug.96,1
1119 2686 1361 2753 sollertissimus

171 2802 313 2867 omnium
344 2806 377 2865 im
393 2806 509 2881 puceis
532 2807 760 2883 tempestatibus
790 2800 898 2867 iactus
917 2804 977 2866 est.
1022 2798 1088 2865 Ubi
1109 2797 1202 2865 deest
1223 2798 1362 2865 attribu-

172 2918 241 2980 tum
265 2913 464 2998 praepositio
486 2919 520 2978 ia
540 2934 668 2999 semper
689 2918 784 2980 notat
805 2913 1060 2998 perpetuitatem
1081 2911 1248 2996 temporis.
1291 2910 1362 2976 Cat.

171 3033 247 3113 39‚2
281 3045 346 3110 quo
377 3025 506 3110 plebem
528 3031 561 3091 m
583 3027 779 3110 magistratu
800 3024 962 3110 placidius
983 3027 1175 3105 tractarent,
1203 3043 1262 3089 nos
1289 3044 1361 3089 ver-

170 3139 269 3205 timus
300 3137 475 3220 „sibrand
504 3137 563 3203 der
599 3138 710 3204 Dauer
746 3136 836 3201 ihres
863 3137 1003 3201 Amtes“.
1054 3135 1123 3201 (lat.
1155 3141 1231 3220 57,4
1259 3134 1361 3220 impe-

171 3250 256 3317 ditos
279 3251 313 3315 in
338 3250 416 3335 iuga
438 3253 639 3334 sequeretur.
683 3248 752 3332 lug.
773 3253 846 3334 9l,3
874 3251 989 3312 contra
1010 3246 1164 3312 Romanis
1185 3250 1361 3332 utrumque

172 3363 338 3429 cacumin
360 3362 505 3429 tenebris
525 3360 742 3427 difficiliorem
761 3358 841 3425 fore.
885 3357 939 3423 Or.
955 3357 1037 3424 Phil
1061 3364 1077 3424 1
1102 3379 1172 3425 rem
1194 3358 1361 3446 publicam

172 3476 317 3560 quietam
340 3495 411 3541 esse
444 3480 503 3541 aut
531 3475 566 3539 in
586 3473 733 3560 periculo
758 3493 780 3538 a
801 3471 1045 3557 promptissimo
1067 3491 1197 3557 quoque
1219 3470 1359 3537 defendi.

171 3588 225 3654 Or.
247 3588 330 3654 Phil.
354 3593 372 3652 7
395 3587 514 3672 quibus
537 3587 630 3672 quies
648 3586 683 3652 in
704 3584 919 3653 seditionibus
940 3584 975 3650 in
996 3605 1079 3672 pace
1102 3583 1221 3651 turbae
1241 3588 1325 3650 sunt.

257 3699 425 3766 Interdum
450 3698 660 3786 praepositio*
684 3698 718 3764 iu
754 3698 930 3786 apponitur
959 3697 1093 3764 vocibus
1122 3696 1203 3782 ipsis
1232 3706 1359 3777 tempus,

67 3804 69 3807 ’
172 3821 344 3894 tempestas,
368 3817 434 3879 dies
454 3812 512 3879 ubi
524 3833 589 3879 non
603 3817 731 3897 tempus
748 3811 856 3897 ipsum
873 3810 1067 3895 exprimunt,
1089 3807 1146 3876 sed
1159 3814 1360 3890 rerumlcon·

173 3924 342 4007 dicionem,
372 3945 457 4010 quae
487 3945 525 3991 eo
554 3929 701 4009 tempore
723 3923 880 3990 obtinent.
931 3921 1000 3988 Nos
1021 3921 1176 3988 vertimus
1193 3933 1269 3987 'uon
1297 3922 1359 4002 „in,

172 4036 355 4117 stibreud“‚
377 4035 435 4102 sed
456 4040 556 4114 „bei“.
579 4034 730 4122 Gat.48‚5
753 4039 865 4100 tamen
886 4033 964 4118 quia
985 4038 1018 4098 im
1041 4038 1096 4099 lcii
1110 4043 1245 4114 tempore
1266 4037 1360 4099 tanta

171 4150 220 4215 vis
241 4149 380 4215 hominis
401 4147 504 4232 magis
524 4146 676 4212 lenienda
698 4167 797 4232 quam
815 4144 1013 4230 exagitanda
1027 4143 1209 4232 videbatur.
1253 4144 1360 4212 idest

166 4283 229 4344 pro
251 4282 361 4327 rerum
384 4280 422 4326 eo
444 4264 592 4345 tempore
614 4258 804 4324 condicione
827 4256 900 4339 „bei
921 4257 1010 4323 einer
1030 4257 1162 4324 solcbeu
1177 4258 1294 4342 Luget
1318 4258 1358 4324 cf.

171 4374 281 4439 Livius
305 4378 429 4460 3⁰saos
451 4377 512 4438 etc.
555 4369 708 4438 Kiihnast
735 4393 767 4456 p.
793 4376 863 4438 180.
906 4370 976 4455 Iug.
998 4375 1049 4452 78,
1061 4411 1076 4457 3
1107 4370 1156 4436 uti
1184 4369 1252 4436 fors
1273 4370 1359 4452 tulit,

172 4484 241 4550 alta
262 4485 337 4566 alia,
358 4490 423 4550 aba
445 4489 477 4548 in
498 4482 826 4565 tempestetcvadosa.
855 4482 895 4548 cf.
917 4481 984 4548 Lis.
1008 4486 1108 4570 2253,
1119 4523 1135 4568 4
1153 4503 1215 4548 nec
1235 4481 1304 4547 ulla
1324 4482 1359 4548 in
