3134 5042
695 376 910 437 ..34-

212 565 311 643 atque
334 559 470 624 lascivia
490 565 624 643 repente
645 561 749 625 omnis
770 558 908 625 tristitia
928 558 1048 625 inuasit
1070 558 1138 625 Cat.
1161 563 1211 638 31,
1223 599 1248 645 3.
1290 559 1341 624 nti
1363 579 1406 623 ex

211 678 344 737 maxima
365 677 482 737 inuidia
502 672 536 736 in
558 673 761 756 gratiam
783 671 909 737 veniret
929 671 1096 757 Iug.13‚7.
1133 690 1238 755 neque
1258 691 1299 735 ex
1315 680 1407 735 tanta

206 789 415 863 properantia
431 787 499 848 tam
522 782 616 848 facile
629 788 770 848 tractum
786 782 907 848 bellum
924 782 1075 850 socordia
1092 783 1197 866 magis
1212 803 1310 866 quam
1327 781 1405 846 dolo

213 895 386 961 crederent
405 894 473 978 lug.
487 900 570 982 3⁶2⁸·
607 894 740 960 biduum
757 894 853 960 modo
876 915 916 960 ex
930 899 1069 975 perfidia
1090 893 1206 960 laetati
1225 894 1295 977 Ing.
1316 898 1404 978 69,3.

212 1027 317 1090 neque
339 1027 380 1071 ex
397 1017 554 1086 postrema
570 1014 654 1088 supa
675 1007 751 1073 ullis
774 1006 817 1071 ad
840 1007 932 1091 signa
954 1005 1167 1072 redeuntibus
1187 1006 1226 1071 fr.
1240 1005 1297 1071 ΠΙ.
1313 1010 1353 1071 67
1362 1004 1404 1069 (Ι).

299 1119 447 1203 Spatium
469 1118 625 1203 temporis
646 1118 848 1203 intelligitur,
872 1118 964 1203 enjus
986 1117 1028 1183 ab
1050 1118 1144 1184 initio
1163 1137 1216 1183 res
1237 1117 1405 1200 usquead

217 1229 306 1295 aliud
331 1236 460 1314 tempus
490 1230 669 1315 permansit
693 1231 759 1314 lug.
786 1235 868 1316 ll‚g.
911 1229 1023 1315 itaque
1059 1249 1100 1294 ea
1127 1249 1162 1293 eo
1191 1240 1324 1309 tempore
1351 1229 1405 1293 ira

211 1348 245 1408 et
274 1347 363 1407 metu
394 1342 510 1408 anxius
539 1342 654 1407 moliri.
698 1343 737 1408 ir.
761 1342 786 1408 Ι.
813 1347 862 1408 12.
909 1364 949 1409 ex
982 1362 1041 1423 quo
1071 1351 1206 1422 tempore
1242 1342 1404 1426 majorum

211 1474 404 1523 maresuan
426 1453 594 1538 paulatim,
616 1459 655 1519 ut
678 1459 785 1534 antea,
811 1454 869 1519 sed
892 1455 1046 1520 torrentis
1067 1453 1164 1519 modo
1185 1453 1403 1537 praecipitati.

298 1565 372 1629 Alia
398 1586 451 1630 res
478 1572 553 1650 post
581 1566 697 1646 aliam,
727 1586 812 1649 quas
836 1566 930 1650 quasi
958 1586 999 1631 ex
1021 1586 1062 1632 ea
1091 1565 1203 1651 prodit
1224 1572 1259 1632 et
1286 1565 1405 1631 seriem

214 1677 308 1761 quasi
331 1676 432 1742 efficit
452 1676 617 1743 indicatur
632 1678 685 1743 Or.
704 1677 786 1743 Phil.
798 1684 826 1743 7.
848 1678 873 1742 ii
893 1684 1050 1743 tumultum
1071 1698 1112 1742 ea
1134 1683 1272 1755 tumultu,
1293 1682 1403 1743 belhem

213 1810 254 1854 ex
277 1793 353 1855 bello
375 1793 496 1855 serunt.
519 1789 578 1874 Ep.
593 1788 703 1854 Mitbr.
723 1794 773 1856 20.
819 1789 969 1856 audendo
991 1794 1025 1855 et
1044 1789 1186 1855 fallendo
1208 1794 1242 1855 et
1262 1794 1341 1855 bello
1361 1810 1403 1854 eu

214 1905 300 1966 bellis
322 1900 458 1967 serendo
480 1902 590 1985 magni
612 1900 700 1967 facti.

300 2012 343 2077 Et
365 2017 493 2097 tempus
524 2018 557 2078 et
586 2033 719 2079 causam
754 2012 918 2097 significat
947 2035 988 2079 ex
1015 2013 1084 2098 Ing.
1107 2018 1195 2099 bbg.
1240 2012 1402 2096 simulque

215 2145 255 2189 cx
277 2125 455 2208 Iugurthae
476 2124 601 2208 proelio
631 2124 805 2191 clamorem
836 2126 969 2210 augeri3
1002 2146 1063 2211 pra
1092 2132 1131 2191 de
1160 2125 1403 2210 praepositione

211 2237 352 2320 positum
392 2242 442 2301 est
470 2236 509 2302 fr.
540 2236 581 2302 11.
612 2243 661 2303 53.
714 2259 732 2303 e
763 2238 867 2303 muris
896 2258 993 2303 canes
1023 2237 1143 2323 sportis
1175 2235 1401 2317 dimittebant3

212 2348 487 2433 praepositionem
517 2353 555 2414 ab
588 2355 817 2433 exspectamus
849 2350 1048 2436 Iug.102‚3.
1098 2349 1247 2435 profecto
1279 2369 1319 2414 ex
1342 2370 1401 2428 po·

209 2466 282 2540 pulo
307 2464 451 2538 Romano,
472 2460 507 2526 id
532 2466 581 2526 est
603 2482 623 2526 a
645 2466 741 2546 parte
764 2462 994 2542 Romanorum,
1020 2461 1063 2528 ad
1084 2462 1147 2527 hoa
1157 2466 1286 2545 tempus
1298 2459 1400 2526 multo

210 2570 308 2656 plura
329 2570 416 2637 bona
441 2572 635 2657 accepisses,
659 2594 757 2656 quam
778 2571 867 2638 mala
888 2594 1063 2658 perpessus
1085 2594 1129 2640 es.

297 2683 376 2748 Post
396 2685 653 2770 comparativum
672 2690 805 2766 propius
832 2689 866 2752 et
887 2690 926 2751 ob
949 2689 983 2751 et
1004 2707 1045 2752 en
1066 2686 1187 2769 legitur
1215 2706 1281 2752 uno
1301 2707 1400 2751 enun-

210 2795 293 2860 tiato
316 2795 370 2861 Or.
390 2795 471 2861 Phil.
494 2802 542 2863 10.
587 2796 674 2881 quod
695 2797 798 2862 multo
825 2797 977 2882 proprius
1005 2802 1055 2864 est
1076 2797 1118 2864 ab
1151 2818 1189 2864 eo
1212 2818 1277 2882 quo
1297 2799 1402 2882 agitat

213 2911 304 2972 statu
327 2928 426 2990 quam
447 2929 488 2973 ex
508 2928 591 2993 pace
613 2912 647 2973 et
668 2907 844 2974 concordia
864 2909 907 2974 ad
927 2930 1020 2975 arma
1041 2909 1156 2976 civilia.

301 3019 380 3085 Post
399 3018 508 3100 verba,
536 3040 621 3103 quae
648 3021 829 3104 composita
863 3026 940 3087 sunt
972 3022 1285 3106 praepositionem,
1317 3022 1400 3087 haec

211 3150 288 3196 raro
309 3131 457 3197 iteratur.
502 3132 670 3217 Adscripsi
691 3131 751 3198 hos
775 3138 904 3199 tantum
926 3135 1032 3200 locos:

297 3249 426 3323 epreui:
448 3250 626 3310 exsenatu
648 3243 716 3309 (iat
740 3251 792 3326 49,
799 3286 824 3330 4.

297 3361 434 3435 erupere:
464 3376 504 3421 ex
526 3357 681 3421 servitute
712 3355 887 3442 (iat.48,1.
932 3358 1116 3442 epericulo
1138 3357 1207 3423 Cat.
1231 3363 1314 3443 48,4.
1360 3379 1402 3423 ex

211 3465 362 3531 manibus
384 3467 453 3551 Iug.
476 3472 563 3553 823.

297 3599 479 3667 erumpere:
502 3599 542 3644 ex
564 3577 668 3645 Ponto
689 3579 730 3645 ir.
752 3581 809 3645 Ill.
832 3587 883 3647 41.

297 3710 442 3756 euocare:
465 3711 505 3757 ex
527 3690 672 3756 hibernis
694 3692 762 3775 Ing.
787 3698 870 3779 323.

746 3890 858 3960 Prae.

298 4027 502 4110 Praepositio
523 4047 604 4110 prae
626 4027 753 4093 duobus
774 4032 901 4093 tantum
929 4028 1010 4094 locis
1031 4027 1120 4113 apud
1140 4028 1329 4095 Sallustium
1350 4030 1401 4094 in·

210 4139 346 4203 venitur.
394 4137 462 4222 lug.
487 4144 537 4219 94,
546 4180 570 4225 2.
603 4138 765 4222 significat
785 4140 894 4205 locum
926 4140 970 4221 in¹
984 4161 1049 4224 quo
1072 4140 1190 4224 aliquis
1210 4141 1399 4226 praeeedit:

211 4250 354 4332 singulos
376 4270 456 4332 prae
479 4272 513 4316 se
535 4252 668 4316 inermis
688 4253 828 4316 mittere.
859 4252 897 4317 fr.
919 4251 959 4317 ll.
983 4257 1033 4317 21.
1062 4252 1097 4317 id
1116 4252 1289 4334 indicatur,
1311 4253 1400 4336 quod

213 4383 286 4426 cum
307 4362 380 4426 aliis
413 4367 624 4446 comparatur
653 4367 687 4427 et
720 4363 830 4447 aliquo
859 4365 956 4429 modo
982 4369 1147 4450 praestat:
1190 4371 1299 4430 incluti
1314 4386 1400 4445 prae

212 4476 391 4536 mortalibus
414 4472 453 4536 ci.
475 4473 539 4537 Cic.
562 4473 605 4537 ad
627 4473 702 4538 fam.
726 4480 755 4554 4,
765 4515 790 4558 4.
798 4517 822 4560 6.
845 4496 925 4560 prae
945 4474 1039 4541 nobis
1060 4476 1186 4542 beatus.
