3134 5042
633 397 841 458 ..33-

228 598 269 642 ex
291 585 461 643 sententia:
484 601 568 663 quae
590 586 764 664 postquam
780 603 821 645 ex
833 582 994 646 sententia
1012 583 1146 649 instruit
1166 585 1235 668 lug.
1247 590 1297 664 38,
1306 626 1330 670 4·

142 689 257 754 idest:
283 696 338 770 „ut
353 690 417 756 fert
433 692 601 756 voluntas“
624 694 727 772 „nach
741 675 912 758 Wunsch“.
937 714 977 758 ex
999 696 1161 760 sententia
1182 697 1330 761 omnibus

142 801 239 866 rebus
265 803 391 886 paratis
420 804 488 887 lug.
511 810 561 884 43,
575 845 599 890 5.
644 827 719 870 nam
748 827 800 870 me
824 806 955 889 quidem
979 827 1019 871 ex
1048 806 1147 871 animi
1170 809 1331 873 sententia

142 913 230 978 nulla
253 917 359 979 oratio
381 915 511 981 laedere
534 922 643 1000 potest
672 919 741 1001 Iug.
764 925 863 1004 85‚27.
908 924 1040 984 sanctus
1071 919 1122 983 vir
1142 924 1176 983 et
1197 940 1237 984 ex
1259 940 1330 984 sen-

141 1027 244 1092 tentia
268 1027 426 1093 ambobus
446 1028 514 1112 Iug.
542 1034 646 1114 109,4.
689 1035 722 1095 et
745 1050 786 1094 ex
807 1030 901 1095 illius
920 1031 1080 1095 sententia
1102 1030 1262 1095 Numidae
1282 1032 1330 1095 iu·

142 1136 242 1203 eidias
264 1139 370 1204 tendit
391 1141 459 1223 lug.
485 1146 555 1221 113,
564 1182 588 1226 4·

226 1271 268 1315 ex
296 1257 385 1331 copto
411 1273 538 1317 rerum:
576 1253 692 1317 statuit
723 1253 785 1317 sibi
816 1254 896 1318 nihil
930 1253 1120 1337 agitandum
1154 1255 1222 1337 lug.
1246 1259 1329 1340 39‚5.

140 1367 249 1427 tamen
274 1384 314 1429 ex
343 1365 437 1448 copia
468 1364 556 1447 quod
586 1366 741 1447 optimum
775 1366 948 1430 videbatur
969 1367 1037 1449 lug.
1061 1372 1143 1451 54‚9.
1186 1336 1267 1431 locis
1290 1387 1330 1430 ex

140 1476 234 1557 copia
256 1476 396 1540 maxime
417 1476 541 1541 idoneis
565 1477 677 1541 vineas
708 1498 806 1560 agere
830 1478 898 1560 lug.
923 1482 1005 1563 76‚3.
1050 1483 1119 1543 tum
1142 1477 1266 1543 Marius
1290 1498 1330 1542 ex

141 1588 235 1670 copia
254 1608 364 1653 rerum
395 1587 564 1652 consilium
593 1589 696 1654 trahit
726 1590 795 1671 lug.
820 1595 903 1674 98,3.
949 1588 1037 1672 qnod
1061 1611 1101 1654 cx
1127 1590 1222 1672 copia
1246 1589 1330 1672 opti·

140 1719 227 1762 mum
249 1698 423 1764 videbatur
445 1699 484 1764 fr.
503 1700 559 1764 III.
585 1705 625 1766 67
637 1702 699 1764 (W).

226 1831 268 1875 ex
290 1817 525 1876 consuetudine:
545 1816 637 1877 ratus
654 1833 754 1895 opera
773 1817 832 1876 aut
851 1812 980 1894 ingenio
997 1833 1054 1877 suo
1073 1832 1154 1897 opus
1174 1833 1245 1877 esse
1260 1813 1329 1895 Ing.

141 1927 190 2002 71,
195 1963 220 2007 4.
244 1922 327 1987 bene
342 1923 451 1988 facere
465 1925 533 2007 jam
546 1946 585 1988 ex
599 1924 831 1988 consuetudine
845 1923 878 1988 in
891 1930 1043 1989 naturam
1059 1926 1159 1989 vortit
1171 1925 1240 2007 lug.
1249 1931 1328 2009 85,9.

224 2056 267 2099 ex
288 2040 418 2100 aliorum
439 2056 538 2100 more:
561 2056 666 2118 neque
688 2036 723 2099 id
743 2040 872 2118 tempus
894 2057 934 2100 ex
956 2036 1094 2100 aliorum
1113 2057 1203 2102 more
1228 2036 1330 2120 quieti

139 2150 196 2210 aut
220 2147 372 2212 luxuriae
396 2147 545 2212 concedit
567 2148 635 2230 Ing.
661 2152 743 2232 61,3.

225 2280 267 2323 ex
289 2264 451 2324 ambitione
471 2281 557 2325 meo:
582 2259 786 2342 hiememque
806 2260 922 2323 castris
938 2260 1023 2324 inter
1046 2261 1250 2325 saevissimos
1272 2260 1329 2325 ho·

139 2376 214 2451 stes
239 2392 303 2434 non
324 2393 385 2454 per
406 2372 527 2454 oppida
548 2392 654 2454 neque
678 2392 718 2434 ex
742 2369 919 2435 ambitione
942 2391 1016 2435 mea
1036 2372 1087 2453 egi
1110 2372 1168 2455 Ep.
1179 2372 1289 2454 Pomp.
1300 2377 1328 2438 5.

226 2503 266 2547 ex
289 2493 423 2563 tempore
434 2516 441 2545 :
472 2489 596 2563 cetera,
628 2484 677 2548 uti
709 2503 762 2547 res
791 2488 958 2565 posceret,
988 2504 1028 2547 ex
1050 2489 1196 2567 tempore
1217 2483 1330 2568 parari

138 2593 264 2677 placuit
285 2595 354 2678 lug.
378 2600 460 2681 70,3.

227 2726 267 2770 ex
289 2713 470 2786 composito:
501 2706 623 2771 Sullam
654 2706 868 2772 consulem..
901 2727 941 2770 ex
971 2707 1149 2791 composito
1178 2705 1329 2772 tlibunus

138 2818 248 2902 plebei
271 2818 308 2882 G.
325 2818 508 2885 Herennius
530 2817 746 2903 prohibuerat
764 2818 804 2883 fr.
827 2818 866 2882 II.
890 2823 939 2883 12.

228 2950 301 2994 cum
320 2951 360 2995 ex
382 2953 437 2996 suo
460 2932 596 3015 quisque
620 2942 742 2996 terrore
763 2930 1001 3013 quinquaginta
1031 2935 1088 2995 aut
1110 2930 1249 3014 amplius
1271 2931 1329 2995 ho-

139 3042 238 3107 stium
260 3041 362 3105 millia
455 3042 687 3107 contenderent
707 3041 746 3105 fr.
768 3042 793 3106 I.
817 3047 866 3106 67.

226 3154 341 3218 melius
364 3175 434 3218 esse
455 3159 547 3219 ratus
569 3154 706 3237 cognitis
721 3152 855 3232 Mauris,
879 3153 1031 3234 quoniam
1053 3153 1081 3216 is
1103 3174 1204 3218 novus
1225 3153 1329 3218 hostis

140 3270 359 3345 acoemetas
383 3273 534 3331 commodo
556 3285 698 3348 pugnam
723 3263 832 3328 iacere
854 3261 922 3345 lug.
946 3268 1029 3348 82η.

226 3398 331 3460 neque
353 3377 508 3461 oppidum
531 3378 604 3460 capi
625 3395 731 3459 neque
753 3374 945 3457 Iugurtham
975 3375 1036 3439 nisi
1067 3380 1249 3441 extendite
1271 3381 1330 3441 aut

139 3510 199 3554 suo
221 3489 293 3553 loco
316 3510 458 3573 pugnam
478 3489 588 3554 facere
607 3490 676 3572 lug.
701 3493 783 3573 61η.

226 3602 263 3666 In
286 3600 434 3666 adverbii
456 3602 551 3685 quasi
572 3601 738 3666 notionem
759 3599 976 3665 transierunt:

230 3735 269 3778 ex
292 3718 473 3792 improuiso:
505 3712 664 3797 Iugurtha
757 3733 893 3796 regnum
914 3712 984 3795 ejus
1006 3710 1137 3783 sceleris
1163 3710 1212 3775 sui
1233 3731 1328 3794 prac-

140 3825 216 3890 dam
238 3825 318 3889 fecit
340 3825 408 3907 lug.
422 3832 520 3911 lun.
556 3827 584 3890 si
607 3825 684 3908 quid
707 3845 747 3889 ex
769 3823 944 3908 improviso
966 3823 1044 3887 mali
1066 3821 1239 3886 accidisset
1259 3823 1327 3906 lug.

143 3943 240 4022 lhffi.
284 3937 364 4001 fines
388 3938 457 4021 ejus
548 3936 673 4001 invadit
695 3935 764 4019 lug.
779 3941 864 4020 20,3.
919 3933 1061 4018 pulveris
1090 3934 1155 3998 vim
1176 3954 1327 4016 magnam

140 4046 402 4114 animadvertunt
423 4049 491 4131 lug.
511 4053 591 4133 53,1.
638 4052 747 4112 castra
766 4046 908 4111 hostium
1005 4043 1130 4109 invadit
1150 4044 1219 4128 lug.
1243 4051 1327 4131 58‚1.

226 4180 266 4224 cc
296 4167 430 4225 occulto:
467 4158 625 4242 Iugurtha
661 4179 701 4223 ex
732 4158 859 4223 occulto
886 4160 1021 4240 repente
1049 4160 1178 4221 nostros
1203 4156 1328 4222 invadit

140 4270 208 4353 Iug0
233 4277 316 4356 59,2.

226 4381 471 4466 Praepositione
500 4405 540 4447 ex
569 4381 732 4447 interdum
747 4380 886 4446 ‘finitum
910 4384 1040 4463 tempus
1062 4378 1264 4462 significatur
1287 4401 1327 4445 ex

141 4517 205 4576 quo
229 4495 318 4559 aliud
340 4495 417 4576 quid
440 4516 511 4559 esse
533 4495 656 4577 incipit,
678 4496 834 4560 vertimus
856 4499 980 4570 „noclz“
1014 4512 1053 4554 ec
1074 4513 1189 4556 cucuma
1211 4498 1327 4557 laetitio

1082 4597 1120 4645 0*
