3134 5042
662 397 879 459 „33-

170 580 242 663 pati
263 579 332 662 Iug.
358 580 478 665 10111.
502 581 635 664 jamque
667 586 825 646 nocturno
855 582 971 646 itinere
987 587 1085 663 sessis
1115 551 1251 649 omnibus
1274 578 1373 650 Sulla

148 748 151 751 .
245 697 355 757 castra
376 693 562 758 metabatur
585 694 652 777 lug.
678 700 778 779 106,5.
803 699 893 758 dubio
906 701 1004 778 atque
1023 700 1195 761 haesitante
1211 701 1365 777 Iupnrtba

170 804 352 870 incolumes
372 809 545 871 transeunt
565 806 633 890 Iug.
659 811 756 891 107,6.
780 810 814 871 11
834 827 921 871 nunc
935 812 1024 872 matis
1041 812 1199 888 fructibus
1219 808 1292 892 ipsa
1313 811 1367 873 vix

172 917 279 1000 agitat
300 918 358 1001 Ep.
381 918 493 1002 Pomp.
519 925 548 985 9.
570 918 604 983 in
628 918 754 985 obsidio
776 919 919 983 moranti
935 918 1132 985 frumentum
1148 919 1260 1000 defuit,
1283 928 1366 986 nulio

170 1029 295 1094 circum
318 1035 476 1095 adnitente
499 1031 558 1116 Ep.
580 1030 691 1096 Mithr.
717 1036 765 1096 14.
790 1051 850 1115 ego
872 1037 967 1096 vastis
989 1031 1112 1096 circum
1133 1037 1268 1098 omnibnrs
1291 1038 1365 1098 tacis

169 1142 205 1205 in
227 1142 413 1207 Armeniam
444 1144 590 1209 concessi
618 1144 677 1228 Ep.
708 1143 819 1208 Mithr.
852 1148 900 1209 15.
931 1147 1075 1209 ceterum
1105 1144 1274 1209 consilium
1306 1149 1364 1225 est,

170 1253 321 1336 Tigranis
350 1276 447 1335 repna
475 1260 607 1337 1111111,
639 1261 714 1320 meis
742 1259 886 1321 militibus
911 1255 990 1320 belli
1012 1261 1229 1337 prudentibus,
1250 1257 1365 1340 procul

170 1365 214 1431 ab
237 1367 332 1432 domo
353 1388 455 1452 parvo
475 1367 589 1433 labore
611 1389 670 1452 per
691 1374 806 1434 nostra
828 1388 967 1451 corpora
988 1367 1108 1433 bellum
1124 1368 1282 1433 conficere
1305 1369 1364 1452 Ep.

169 1479 281 1544 Mithr.
315 1485 364 1545 16.
408 1486 583 1564 postquam
612 1492 725 1546 remoto
753 1490 835 1545 mein
863 1485 980 1545 Punico
1010 1481 1192 1546 simultates
1213 1501 1364 1546 exercere

168 1612 308 1656 vacuum
335 1591 399 1657 fuit
427 1593 465 1658 11.
487 1593 511 1658 1
537 1600 585 1659 10.
615 1593 778 1659 Sertorius
808 1599 912 1673 portis
949 1592 1081 1657 turbam
1109 1598 1298 1657 morantibus
1332 1598 1365 1658 11

169 1710 263 1780 nulio,
286 1705 375 1768 utin
397 1710 524 1770 terrore
545 1706 635 1786 solet,
658 1706 786 1789 generis
808 1711 866 1771 aut
894 1705 1011 1789 imperi
1034 1710 1211 1770 discrimine
1227 1727 1287 1790 per
1310 1726 1364 1770 11-

167 1814 279 1881 lonum
298 1836 438 1900 corpora
463 1817 507 1882 ad
528 1818 671 1883 medium
694 1818 799 1883 evasit
820 1816 858 1882 fr
880 1817 905 1880 Ι.
929 1822 979 1882 74.
1002 1816 1041 1881 11.
1061 1817 1085 1882 Ι.
1112 1822 1199 1882 111..
1189 1819 1205 1860 ‘³
1224 1839 1365 1902 namque
1484 1890 1487 1895 ,

168 1933 218 1992 bis
240 1933 372 2012 praeter
394 1929 491 1995 solita
515 1935 631 1995 vitiosis
653 1931 725 2013 agri
747 1933 896 1995 tractibus
927 1929 1364 1995 111Π.1.11111111-111

167 2041 253 2105 rium
275 2046 377 2106 insert
376 2046 403 2106 is
364 2046 562 2107 inanibus.
585 2043 625 2107 11.
642 2043 698 2107 ΙΠ.
722 2046 772 2106 23.
803 2063 880 2106 nam
903 2042 1012 2106 omnia
1033 2041 1144 2126 oppidi
1167 2042 1365 2125 stagnabant

168 2158 475 2220 redundantibusi
444 2159 558 2220 elisam
542 2153 626 2219 suf
656 2154 712 2219 ΠΙ.
745 2159 796 2220 26
823 2174 928 2237 neque
953 2154 1024 2238 jam
1052 2175 1107 2219 sus
1108 2154 1205 2218 tineri
1233 2159 1365 2238 poterat

167 2265 359 2330 immensum
388 2278 478 2332 aneto
506 2271 586 2332 mari
615 2271 649 2331 et
679 2276 767 2331 rento
793 2271 942 2347 pliscente
913 2265 1014 2331 tir.
1036 2266 1092 2330 III.
1115 2271 1164 2330 31.
1188 2271 1222 2330 11
1243 2271 1307 2332 Met
1308 2272 1364 2331 etio

167 2378 284 2461 procul
306 2388 418 2459 opente
439 2379 538 2463 longa
559 2401 634 2463 spes
657 2378 853 2445 auxiliorum
874 2379 913 2443 11.
935 2379 1001 2443 Ino.
1025 2384 1053 2444 3.

255 2490 423 2557 Particula
453 2496 515 2556 nisi
545 2492 717 2576 conjuncta
747 2512 821 2556 cum
853 2491 996 2557 ablativo
1019 2489 1169 2555 absoluto
1192 2491 1364 2556 Sallustius

168 2623 234 2667 non
258 2603 363 2669 utitur
383 2602 423 2667 cf.
451 2606 536 2669 Caes.
559 2602 634 2669 bell.
657 2603 732 2688 gall.
755 2607 869 2690 2,20.3.
898 2603 1025 2687 legatos
1047 2604 1168 2667 Caesar
1198 2603 1364 2668 discedere

167 2714 232 2780 nisi
253 2715 387 2780 munitis
409 2716 528 2781 castris
550 2721 700 2782 vetuerat
723 2720 773 2781 32.
811 2715 934 2781 nullam
964 2735 1035 2781 esse
1059 2714 1276 2780 conditionem
1304 2720 1365 2779 nisi

168 2832 263 2892 armis
288 2833 424 2894 truditis.

256 2940 400 3005 Ablativi
428 2941 574 3007 modales
604 2941 656 3006 vel
684 2941 733 3006 rei
763 2939 941 3007 accidentis
971 2945 1189 3019 1111111111,
1220 2939 1276 3023 qui
1298 2938 1363 3004 for-

169 3052 249 3117 mati
272 3057 348 3117 sunt
371 3074 411 3118 ex
432 3052 636 3118 substantivo
659 3054 832 3137 conjuncto
860 3074 933 3118 oum
961 3052 1121 3136 adjectivo
1142 3053 1292 3136 negativo
1313 3051 1364 3116 vel

166 3165 315 3248 positivo.
360 3169 484 3231 sedibus
514 3169 642 3230 incertis
674 3164 788 3248 vagari
817 3164 885 3230 Cat.
910 3170 971 3249 6‚1.
999 3168 1157 3244 incopnita
1179 3184 1276 3229 cansa
1297 3168 1363 3228 sta·

167 3278 271 3342 1111111
294 3278 362 3361 lug.
387 3283 436 3357 14,
444 3318 484 3364 20.
519 3298 560 3342 ne
584 3297 662 3360 ager
689 3279 797 3341 inuitis
832 3279 968 3341 testibus
990 3280 1175 3340 vastaretur
1195 3275 1264 3359 Iug.
1288 3281 1364 3361 70,4.

166 3395 288 3470 ipnaris
305 3393 441 3454 omnibns
455 3409 574 3473 parare
588 3389 655 3472 lug.
672 3394 755 3474 91η.
774 3394 859 3454 natta
876 3387 1063 3453 munitionis
1080 3393 1138 3453 aut
1152 3389 1264 3471 requie
1277 3408 1364 3452 mora

165 3502 326 3585 processit
348 3500 430 3566 111.
454 3507 505 3568 97.
526 3506 653 3566 incertis
672 3500 919 3566 nacionum.
932 3506 981 3566 23.
1002 3505 1124 3581 ipnaris
1137 3504 1304 3565 cultoribus
1324 3498 1363 3564 fr.

167 3614 221 3678 III.
238 3619 288 3679 67.
311 3618 423 3679 lumine
440 3613 608 3679 etiamtum
631 3619 750 3679 incerto
767 3612 852 3679 duae
871 3613 986 3678 Gallae
1002 3613 1154 3678 mulieres
1177 3662 1227 3676 ...
1252 3632 1363 3676 ascen-

167 3725 249 3790 dunt
269 3725 308 3790 11.
330 3725 383 3791 IV.
409 3732 457 3791 lb.
476 3726 629 3809 quinctio
652 3736 736 3791 certo
758 3732 852 3792 exilio
868 3724 1073 3809 vagabantur
1095 3723 1216 3789 111111.
1233 3730 1282 3789 27.
1299 3746 1363 3789 non

166 3843 411 3918 repugnantibus
427 3838 523 3903 modo
535 3838 645 3904 sedne
661 3842 773 3904 deditis
790 3838 920 3921 quidem
936 3836 976 3901 11.
988 3837 1053 3901 Ino.
1067 3842 1116 3903 60.
1139 3835 1308 3921 respondit

168 3956 277 4015 cetera
294 3950 430 4031 occulte,
454 3954 512 4015 aut
533 3956 615 4015 nnita
637 3955 695 4015 aut
717 3971 817 4033 quam
826 3953 1025 4029 paucissimis
1046 3948 1273 4033 praesentibus
1294 3949 1363 4033 lug.

169 4068 271 4148 1011.
293 4063 349 4146 qui
364 4063 428 4127 nisi
439 4062 626 4142 subvenitis,
638 4067 731 4126 invito
746 4066 779 4126 et
789 4066 995 4141 praedicente
1005 4082 1051 4126 me
1064 4063 1225 4127 exereitus
1238 4061 1313 4125 hinc
1322 4110 1328 4125 .
1338 4110 1362 4126 ..

167 4174 201 4238 in
222 4174 352 4239 Italiam
373 4174 664 4259 transgredientur.
694 4173 753 4257 Ep.
776 4174 888 4257 Pomp.
914 4178 962 4239 10.
992 4193 1088 4256 quem
1119 4173 1241 4238 exitum
1270 4179 1363 4253 tontis

168 4292 256 4352 motis
278 4293 449 4371 sperarent
471 4288 540 4354 Cat.
566 4294 649 4372 4⁰⁷2·
684 4285 748 4352 alio
771 4291 919 4369 tempore
941 4290 1001 4351 1111
1026 4292 1150 4351 consuta
1245 4284 1363 4350 falsum

168 4422 227 4482 pro
252 4420 326 4464 vero
351 4400 439 4465 credi
469 4400 538 4465 Cat.
562 4406 662 4484 bl‚36.
697 4403 827 4464 obscuro
858 4398 1014 4462 otiantem
1038 4404 1149 4463 lurnine
1170 4398 1288 4462 milites
1310 4397 1362 4462 Iu-
