3134 5042
687 311 903 372 „gg-

201 496 444 564 difficultatem:
477 516 585 581 pauea
612 495 713 562 rerba
736 494 831 575 iacit,
866 499 904 561 ut
931 517 966 560 se
995 493 1151 560 defendat
1178 494 1229 559 vel
1257 500 1392 560 exeuset

201 610 356 676 delictum
377 630 480 674 sunm.
502 645 546 657 -
577 607 621 673 ad
642 628 682 674 ea
703 606 795 674 Sulla
808 628 872 687 pro
891 628 926 672 se
946 607 1090 674 breviter
1117 611 1151 672 et
1177 606 1321 686 modiee,
1348 606 1392 671 de

200 742 283 807 paee
306 726 340 786 et
365 719 589 787 communibus
618 718 717 786 rebus
745 719 856 785 mulbs
885 718 1040 785 disseruit
1058 719 1126 801 Ing.
1153 724 1257 804 lll,1‚
1284 718 1319 783 id
1341 722 1394 783 est

201 832 293 900 Sulla
314 833 356 899 de
378 832 428 912 iis,
448 851 533 916 quae
556 830 600 897 ad
621 851 656 896 se
685 830 736 896 vel
757 831 801 897 ad
821 850 913 896 suam
934 830 1065 896 laudem
1087 829 1297 914 pertinebant
1316 829 1393 895 bre-

200 946 284 1011 viter
299 949 333 1011 et
352 943 479 1010 modies
493 943 655 1023 disseruit
677 943 718 1009 de
738 964 821 1028 paee
842 943 961 1009 multis.
977 942 1096 1008 —alia
1116 947 1290 1026 praeterea
1307 963 1392 1022 moq-

201 1063 293 1138 m'ficu
309 1078 373 1137 pro
396 1077 430 1122 re
452 1054 570 1122 stillis
592 1054 736 1121 dolentia
761 1056 830 1139 lug.
851 1061 935 1141 84η.
980 1053 1064 1119 dixit
1084 1054 1186 1120 rerba
1207 1053 1391 1138 magnifica,

201 1190 286 1254 quae
309 1189 344 1235 se
368 1166 615 1234 celebraverunt
637 1173 735 1250 atque
758 1167 892 1233 summis
914 1166 1067 1233 laudibus
1090 1166 1286 1245 extulerrmt,
1316 1166 1390 1230 illos

202 1285 312 1348 autem
334 1279 447 1345 dolore
468 1277 656 1345 affecerunt
673 1315 718 1327 -
739 1299 813 1344 eum
833 1284 942 1345 tamen
963 1278 1098 1345 barbari
1120 1277 1201 1342 nihil
1222 1278 1390 1343 remittere

201 1397 310 1477 atque,
341 1391 391 1457 uti
412 1410 506 1475 reges
532 1395 785 1475 praeceperant,
813 1396 941 1456 noctem
964 1411 1028 1471 pro
1050 1410 1084 1454 se
1113 1389 1179 1455 rati
1208 1389 1316 1454 aerius
1341 1390 1391 1453 in-

201 1510 289 1571 stare
310 1504 379 1588 lug.
403 1508 454 1584 98,
463 1544 487 1590 2.
533 1503 622 1586 quod
647 1502 714 1568 rati
741 1507 818 1568 suut
839 1508 967 1569 noetem
998 1502 1061 1569 sibi
1082 1501 1390 1587 opportunissimam

201 1637 273 1683 esse
302 1615 345 1682 ad
374 1615 531 1701 impetum
560 1613 746 1681 faciendum
782 1634 821 1680 eo
850 1615 958 1680 aerius
984 1614 1153 1679 instabant
1181 1613 1324 1680 barbari.
1347 1652 1392 1662 —

201 1727 319 1795 statuit
346 1726 462 1807 urbes,
493 1746 577 1810 quae
605 1727 684 1792 viris
709 1731 766 1793 aut
801 1726 874 1792 loeo
897 1747 960 1806 pro
989 1730 1125 1791 hostibus
1155 1730 1189 1791 et
1217 1724 1391 1791 advorsum

201 1861 237 1906 se
276 1837 570 1924 opportunissimae
605 1844 712 1919 erant,
748 1837 893 1922 singulas
931 1836 1164 1903 circumvenire
1208 1837 1277 1921 Iug.
1307 1843 1358 1917 88,
1365 1878 1391 1922 4.

201 1950 406 2037 Adjeotivum
439 1955 717 2031 opportunissimae
753 1954 787 2015 et
822 1949 865 2014 ad
893 1971 954 2030 pro
985 1954 1019 2014 et
1050 1949 1093 2014 ad
1126 1955 1290 2014 advorsum
1318 1969 1392 2032 per-

200 2064 296 2142 tinet,
326 2062 414 2147 quod
434 2062 538 2129 omnis
560 2061 787 2147 opportunitas
816 2062 851 2126 in
873 2061 1038 2127 contraria
1072 2060 1161 2127 trahi
1187 2065 1311 2144 potest,
1343 2061 1393 2125 ita

201 2180 239 2242 ut
259 2196 373 2242 sensus
401 2174 458 2241 sit:
495 2194 551 2240 eas
580 2174 678 2241 urbes
707 2172 853 2256 singulas
875 2173 1094 2253 circumvenit,
1124 2193 1208 2256 quae
1239 2172 1388 2239 hostibus

202 2286 434 2368 emolumento,
467 2285 530 2353 sibi
557 2285 714 2371 perniciei
745 2290 848 2367 erant.
907 2285 1028 2351 Similis
1059 2284 1151 2350 loeus
1186 2289 1295 2350 exstat
1322 2285 1391 2368 Iug.

204 2404 275 2478 108,
284 2439 309 2485 4.
341 2395 533 2482 Iugurtham
555 2396 719 2479 Romanis,
744 2418 787 2463 an
808 2396 857 2463 illi
880 2390 1004 2463 Sullam
1036 2396 1198 2462 traderet:
1223 2395 1392 2462 libidinem

202 2510 373 2576 adversum
396 2530 464 2589 nos,
486 2514 609 2575 metum
630 2531 690 2589 pro
711 2509 808 2576 nobis
830 2510 988 2589 suasisse3
1018 2507 1052 2573 id
1086 2513 1136 2573 est
1164 2507 1267 2574 libido
1290 2508 1393 2573 suasit

202 2622 341 2702 Boooho,
372 2627 410 2688 ut
430 2620 553 2688 Sullam
583 2619 766 2705 iugurthae
796 2621 957 2702 traderet,
982 2619 1044 2685 sed
1077 2624 1182 2685 metus
1209 2620 1327 2701 suasit,
1358 2619 1392 2684 id

202 2733 290 2819 quod
318 2732 412 2799 nobis
442 2733 577 2799 utilitati
613 2739 701 2814 erat,
738 2738 776 2799 ut
804 2732 997 2817 Iugurtham
1022 2731 1131 2798 Sullae
1162 2732 1319 2797 traderet.
1349 2769 1392 2781 —

202 2866 287 2929 quae
309 2844 363 2910 ille
391 2844 564 2911 advorsum
588 2844 697 2910 divina
720 2850 753 2910 et
773 2844 917 2910 humana
939 2845 1048 2910 omnia
1064 2843 1159 2928 oepit,
1178 2864 1244 2909 non
1259 2865 1323 2923 pro
1336 2865 1392 2908 suo

202 2962 260 3023 aut
281 2978 419 3041 quorum
440 2957 573 3024 simulat
595 2962 725 3037 injurio,
751 2956 809 3023 sed
824 2958 931 3040 legum
954 2977 992 3021 ae
1013 2956 1176 3023 libertatis
1198 2956 1392 3023 subvortun-

203 3068 266 3135 dae
289 3069 343 3134 Or.
366 3068 448 3135 Phil.
474 3075 523 3137 10.
568 3068 719 3137 Difficilis
740 3074 791 3136 est
818 3071 918 3135 loeus.
963 3069 1083 3135 Sensus
1106 3074 1171 3135 est:
1204 3068 1296 3134 Bella
1317 3068 1392 3132 eivi-

207 3182 254 3248 lia
274 3183 376 3248 morit
398 3187 513 3249 eontra
530 3184 585 3268 jus
604 3182 782 3249 humanum
805 3204 871 3248 non
891 3188 929 3248 ut
950 3203 1042 3248 suam
1064 3182 1115 3247 vel
1136 3203 1274 3268 quorum
1296 3182 1393 3247 simu·

204 3293 256 3360 lat
277 3295 430 3380 iujuriam
452 3294 640 3376 vindicaret,
669 3295 726 3361 sed
748 3300 787 3361 ut
808 3294 898 3379 leges
920 3300 953 3361 et
972 3295 1158 3361 libertatern
1180 3294 1392 3360 subverteret.

202 3446 245 3457 -
266 3406 317 3472 Ex
339 3407 438 3473 verbo
461 3407 572 3473 dolere
594 3407 716 3492 pendet
739 3428 800 3493 pro
823 3409 891 3492 Iug.
908 3412 989 3493 39,1.
1016 3428 1095 3499 pars
1117 3407 1227 3473 dolere
1244 3429 1307 3488 pro
1328 3414 1392 3488 olo-

202 3525 254 3586 rio
285 3519 415 3604 imperi,
451 3540 530 3604 pars
558 3519 690 3586 insolita
732 3541 843 3586 rerum
872 3518 1064 3586 bellicarum
1096 3520 1211 3584 timere
1237 3517 1393 3585 libertati.

203 3652 298 3712 „man
325 3631 488 3697 fiirehtete
510 3630 563 3697 fiir
590 3631 654 3697 den
682 3631 790 3697 Ruhm
816 3632 874 3698 des
899 3632 1053 3712 Reiehes‚
1090 3631 1165 3696 dass
1188 3651 1225 3696 er
1246 3631 1395 3697 verloren

204 3743 308 3828 gehen
324 3742 514 3810 kdnne“.—
534 3742 668 3827 Aliquid
689 3743 761 3809 fieri
783 3765 802 3809 e
822 3744 950 3809 ratione
973 3743 1111 3828 alicujus
1133 3744 1181 3808 rei
1203 3743 1395 3827 exprimitur

203 3855 446 3941 praepositione
462 3876 525 3935 pro
553 3855 621 3940 Iug.
646 3861 727 3941 54,1.
768 3876 833 3935 pro
853 3860 983 3921 victorio
1012 3855 1092 3920 satis
1114 3857 1184 3940 jam
1204 3861 1394 3939 pugnatum,

203 3967 346 4052 reliquos
372 3966 503 4033 labores
532 3988 592 4047 pro
616 3974 744 4047 proedo
765 3967 845 4032 fore.
889 3966 1009 4034 Sensus
1032 3972 1096 4033 est:
1127 3968 1207 4033 satis
1237 3968 1395 4051 pugnavi-

204 4100 286 4159 mus,
310 4099 386 4144 nam
408 4079 546 4145 victoria
564 4080 634 4165 jam
656 4084 825 4164 reportata
844 4084 902 4158 est,
924 4078 983 4144 red
1004 4079 1122 4162 reliqui
1143 4078 1273 4144 labores
1294 4080 1395 4144 susei-

204 4189 315 4275 piendi
338 4196 414 4256 sunt
436 4191 479 4256 ad
498 4190 656 4276 praedam
678 4190 870 4257 faoiendam.
894 4230 935 4237 —-
964 4196 1026 4256 Pro
1048 4191 1233 4275 oppositum
1255 4196 1305 4256 est
1323 4212 1395 4256 coo-

206 4311 271 4368 tra:
293 4302 360 4385 Iug.
386 4307 435 4381 64,
445 4343 469 4388 4·
515 4322 674 4385 quae-res
692 4303 832 4368 Marium
855 4324 928 4367 oum
945 4324 1009 4383 pro
1031 4309 1157 4381 bonore,
1179 4323 1274 4385 quern
1297 4301 1396 4367 affee-

204 4413 312 4492 tabat,
333 4417 404 4477 tum
428 4423 536 4478 eontra
549 4413 715 4478 Metellum
735 4414 941 4479 vehementer
963 4415 1166 4481 accenderat.
1193 4435 1257 4494 pro
1279 4420 1396 4480 bonore
