3134 5042
716 370 933 433 ...42-

234 561 335 621 eundo
356 554 509 639 periculis
537 554 572 620 in
603 560 730 621 tantam
759 555 985 621 claritudinem
1016 555 1107 621 brevi
1136 560 1332 640 pervenerat
1359 555 1441 638 Ing.

234 673 294 753 'i‚4.
323 668 515 753 [adoptione]
537 667 571 733 in
594 688 729 752 regnum
751 667 937 752 pervenisse
959 668 1027 752 lug.
1054 672 1134 754 llffi.
1175 689 1274 752 quum
1297 672 1443 748 aep'ario

232 784 360 845 coneilio
391 778 623 846 sceleratorum
653 780 770 846 civium
799 779 1011 865 respublica
1040 780 1075 845 iu
1103 779 1246 845 maxima
1275 778 1443 863 pericula
1551 808 1552 811 ¹

231 891 357 957 venerit
378 890 446 957 Cat
465 897 564 978 5230.

312 1010 460 1084 placere:
493 1008 605 1069 virtute
622 1023 687 1069 non
710 1009 830 1069 matitia
850 1002 885 1069 P.
908 1003 1062 1088 Scipioni,
1093 1003 1320 1084 summumne,
1354 1002 1441 1088 pla·

233 1115 338 1182 coisse
361 1116 430 1200 lug.
453 1118 538 1201 222.

313 1233 452 1307 potiere:
475 1225 628 1293 nobilitas
645 1232 788 1309 factione
810 1226 914 1311 magis
935 1226 1081 1312 pollebat
1102 1227 1268 1313 lugatlffi.
1295 1226 1456 1312 pollens·

234 1344 352 1405 viribus
373 1339 442 1423 lug.
465 1344 528 1424 6‚1.
1551 1408 1552 1411 ,

311 1454 528 1531 praeminere:
551 1450 755 1535 praeminent
776 1456 942 1518 altitudine
965 1450 1089 1517 milium
1109 1472 1266 1536 passuum
1283 1449 1439 1517 duorum
1551 1456 1552 1459 ’

232 1561 271 1628 fr.
293 1562 333 1628 11.
356 1568 407 1628 aa.
1295 1554 1299 1561 “
1550 1540 1552 1631 l

286 1685 473 1754 praestare:
496 1673 553 1758 qui
573 1672 694 1759 ubique
709 1678 831 1755 probro
852 1679 952 1759 atque
966 1679 1144 1755 petulantia
1164 1674 1306 1740 maxime
1327 1695 1437 1760 prae·

232 1785 366 1852 stabant
387 1786 456 1852 Cat
480 1790 562 1873 315.
585 1807 712 1852 nmero
733 1791 906 1870 praestans
927 1785 966 1852 ir.
990 1786 1014 1852 Ι.
1039 1792 1110 1853 100.

312 1903 503 1978 proneam:
523 1903 592 1964 cine
613 1898 759 1983 corporis
781 1919 824 1963 au
845 1903 957 1964 virtute
980 1897 1080 1964 animi
1102 1919 1155 1964 res
1179 1898 1330 1965 militaris
1353 1921 1435 1964 ma·

233 2010 282 2093 gis
302 2008 496 2095 procederet
523 2009 592 2076 Cat.
618 2014 676 2097 iffi.
720 2008 843 2076 bellum
869 2015 965 2075 arnis
992 2031 1109 2094 parum
1129 2010 1330 2095 procedebat
1352 2012 1432 2095 lug.

233 2128 284 2201 61,
291 2164 317 2209 3.
340 2123 435 2206 quasi
455 2122 581 2188 rabiem
603 2121 647 2188 ad
665 2122 809 2206 integros
829 2132 972 2188 contacta
994 2121 1172 2205 procedere
1195 2122 1248 2189 Or.
1270 2123 1351 2187 Phil.
1372 2130 1405 2190 9.

317 2241 514 2300 redundare:
543 2232 804 2300 redundantibus
831 2233 953 2300 cloacis
980 2240 1111 2301 adoerm
1143 2244 1233 2301 oerta
1253 2234 1353 2301 maris
1384 2235 1430 2300 fr.

231 2346 286 2412 Ill.
311 2351 362 2412 26.

318 2477 428 2523 rcere:
460 2462 624 2543 ruuntque
645 2478 765 2543 magna
786 2478 864 2543 pars
885 2463 1010 2524 memet
1031 2463 1089 2524 aut
1109 2458 1331 2543 proximorum
1353 2464 1429 2524 tetis

231 2568 277 2639 ir.
293 2570 334 2635 ΙΙ.
357 2575 408 2636 52.

320 2686 456 2747 saevire:
476 2682 600 2748 saarim
617 2689 750 2764 satana
771 2703 812 2748 ac
833 2682 970 2748 miscere
991 2681 1100 2748 omnia
1122 2682 1230 2767 coepit
1249 2682 1319 2748 Cat.
1339 2689 1385 2764 10,
1398 2726 1425 2769 1.

232 2814 322 2859 mare
344 2793 468 2859 saevire
491 2801 588 2860 nentis
609 2794 716 2879 coepit
737 2794 806 2878 lug.
830 2800 914 2881 78‚3.

318 2906 368 2971 Ex
389 2904 490 2971 verbo
513 2918 675 2986 tepescere
696 2904 818 2991 pendet
835 2906 1035 2990 praepositio
1053 2928 1117 2987 per
1137 2907 1319 2992 Iug.14‚25.
1349 2928 1424 2990 reg·

150 3068 153 3074 .
232 3040 309 3083 uum
341 3017 513 3084 Numidiae
605 3038 665 3103 per
697 3017 804 3084 scelus
833 3024 867 3084 et
896 3019 1087 3102 sanguinem
1116 3017 1260 3084 familiae
1289 3023 1424 3085 nostrae

230 3128 409 3196 tabescere.

321 3255 511 3324 torpescere:
531 3249 649 3310 incultu
669 3247 769 3327 atque
789 3248 935 3309 socordia
945 3248 1132 3328 torpescere
1151 3243 1263 3309 sinunt
1281 3242 1421 3328 Ing.2,4.

232 3355 438 3440 Praepositio
453 3377 516 3436 per
537 3355 658 3440 legitur
690 3355 867 3442 0111113.
910 3376 952 3421 ne
980 3377 1040 3440 per
1069 3355 1172 3422 otium
1198 3360 1423 3441 torpescerent

231 3489 346 3533 manus
368 3473 426 3533 aut
447 3468 582 3534 animus.

317 3586 437 3646 calere:
469 3585 502 3645 et
523 3585 716 3646 multitudine
745 3581 863 3646 civium
892 3579 1052 3647 factiones
1076 3579 1208 3646 valuere
1230 3580 1299 3646 Cat.
1323 3584 1419 3665 blm),

231 3692 416 3776 municipia,
447 3713 532 3776 quae
553 3693 693 3758 maxime
717 3697 825 3773 opibus
847 3691 957 3758 valent
978 3693 1047 3758 Cat
1072 3698 1170 3779 51‚43.
1207 3693 1263 3778 jus
1284 3692 1419 3757 bonum·

231 3825 295 3888 que
317 3803 405 3889 apud
428 3825 483 3869 eos
505 3826 569 3870 nou
589 3809 706 3886 iepibas
728 3804 833 3888 magis
855 3825 953 3888 quam
975 3815 1090 3870 nutura
1112 3804 1243 3869 volebat
1264 3805 1333 3869 Oet.
1357 3811 1417 3889 9‚1.

230 3937 349 4001 parum
370 3923 472 3982 enimc
494 3908 634 3983 ualuisse
656 3917 725 4001 Iug.
744 3922 825 4003 ll‚5.
848 3916 1001 4000 quoniam
1024 3916 1163 4002 amplius
1185 3922 1280 3981 armis
1300 3915 1418 3981 valuis-

231 4034 305 4094 sent
325 4027 393 4111 Iug.
420 4033 490 4109 111,
503 4073 526 4114 1.
560 4029 735 4114 plurimum
758 4034 888 4108 imperio
909 4027 1012 4093 valuit
1033 4027 1071 4093 ir.
1092 4029 1117 4093 L
1140 4034 1169 4094 8.

317 4140 470 4223 quoniam
499 4147 670 4222 defectione
699 4142 862 4208 sociorum
891 4147 925 4207 et
951 4141 1076 4207 Sertori
1104 4161 1164 4225 per
1192 4141 1311 4206 montis
1335 4146 1416 4220 sapa

230 4273 336 4336 neque
358 4273 457 4318 manu
480 4258 606 4318 certare
625 4260 763 4339 possunt
785 4253 839 4318 Or.
862 4253 944 4319 Cott
968 4259 997 4319 6.

318 4368 426 4444 onibus
448 4386 508 4448 per
530 4370 657 4430 ceteras
678 4366 785 4450 gentis
804 4364 938 4430 maximi
959 4370 993 4430 et
1013 4365 1094 4430 clari
1117 4366 1196 4431 estis
1217 4365 1271 4431 Or.
1291 4365 1367 4448 Lep.
1388 4368 1413 4427 1.

317 4476 467 4548 Eundum
490 4476 669 4543 ablativum
697 4477 978 4543 instrumentalem
999 4477 1124 4543 causali
1145 4477 1276 4543 notione
1295 4477 1414 4542 inveni·
