3134 5042
150 1208 221 1291 lle
251 1211 667 1313 praepositionibus,
694 1232 804 1315 quae
829 1215 982 1312 regtmt
1007 1212 1270 1296 Ablativum.

201 1433 256 1498 De
280 1435 527 1518 praepositione
546 1435 648 1519 ajam
671 1457 770 1519 snpra
792 1435 947 1515 diximuS‚
969 1434 1026 1502 ubi
1049 1435 1172 1518 egimus
1199 1434 1240 1499 do
1263 1434 1320 1500 ab·

106 1542 216 1609 lativo
245 1567 332 1611 vero
362 1546 413 1611 vel
439 1546 580 1630 proprie.
631 1545 790 1613 Addenda
821 1554 896 1612 sunt
923 1548 1017 1612 liaeo:
1054 1552 1109 1612 ebs
1139 1546 1227 1611 nullo
1249 1548 1320 1611 looo

107 1655 298 1737 invenitur,
324 1662 361 1722 ut
385 1679 545 1741 nusquam
567 1659 685 1741 legitur
712 1665 787 1723 ante
810 1664 836 1724 b.
857 1666 885 1740 s.
909 1682 939 1739 a.
963 1683 1011 1738 qu.
1035 1682 1084 1735 u.;
1113 1664 1188 1723 ante
1211 1681 1229 1722 e
1251 1659 1320 1724 Sal-

108 1766 237 1833 lustius
267 1769 464 1853 plerumque
486 1771 579 1853 ponit
601 1792 636 1852 a;
665 1775 703 1836 ab
727 1775 836 1835 exstat
865 1776 1021 1854 quattuor
1048 1770 1128 1835 loeis
1153 1771 1221 1836 Cat.
1243 1776 1319 1856 48‚9.

111 1879 155 1943 ab
180 1881 358 1961 Cicerone,
380 1883 448 1965 lug.
471 1887 552 1967 82,1.
576 1883 618 1947 ab
631 1882 728 1947 Cirta.
754 1889 805 1962 91,
813 1924 837 1968 3.
863 1882 904 1947 ab
925 1883 1039 1965 Capsa.
1056 1888 1159 1968 ¹04a2·
1183 1881 1226 1946 ab
1245 1903 1320 1947 oon·

111 1992 195 2055 sule.
247 1995 337 2057 Ante
369 2000 398 2058 d.
418 2001 437 2059 l.
460 2017 488 2058 r.
514 2016 538 2059 r.
563 2004 582 2059 t.
614 1994 776 2059 invenitur
808 1999 841 2058 et
867 2016 887 2058 a
916 1999 949 2058 et
977 1994 1035 2073 ab,
1067 1994 1155 2076 quod
1183 1994 1320 2077 legimus

112 2109 195 2167 ante
227 2128 259 2169 m
284 2105 412 2170 duobus
441 2105 521 2170 locis
550 2106 618 2189 lug.
643 2111 725 2192 222.
757 2105 799 2171 ab
823 2106 970 2189 Micipsa.
994 2112 1077 2190 64,1.
1109 2105 1151 2170 ab
1179 2105 1319 2170 Metello.

113 2236 134 2277 n
157 2216 363 2300 plerumque
385 2217 554 2301 praeeedit
575 2223 623 2295 ab,
645 2239 721 2283 nam
746 2239 766 2283 o
790 2238 854 2282 non
876 2218 1039 2282 invenitur
1052 2217 1115 2281 nisi
1136 2217 1195 2300 Ep.
1210 2217 1319 2282 Mithr.

116 2333 167 2392 16.
195 2351 218 2393 a
240 2329 348 2394 nobis.
384 2331 510 2410 Antep
532 2331 665 2413 ponitur
688 2351 715 2395 a.
751 2335 790 2395 ab
811 2329 970 2394 habemus
991 2330 1059 2413 lug.
1080 2336 1164 2416 50,5.
1189 2328 1230 2394 ab
1246 2350 1319 2414 per-

114 2440 303 2524 sequendo.
323 2443 391 2526 lug.
416 2447 498 2528 76‚5.
522 2441 564 2508 ab
587 2441 741 2526 perfugis.
786 2442 964 2507 Praeterea
985 2441 1121 2525 legimus
1144 2446 1183 2507 ab
1198 2446 1317 2507 anter.

115 2552 161 2617 ab
186 2554 295 2618 Zama
315 2553 454 2619 dissedit
474 2555 542 2637 Ing.
565 2559 649 2641 61‚1.

210 2665 386 2731 Nonnullis
414 2666 495 2731 locis
523 2666 763 2751 praepositione
798 2688 817 2730 o
846 2665 1009 2731 indicatur
1037 2686 1100 2745 res,
1132 2687 1192 2751 per
1222 2687 1320 2750 quam

119 2778 241 2861 aliqua
265 2778 406 2842 oonditio
435 2783 509 2843 orta
531 2783 597 2843 est:
627 2779 713 2858 „Das
734 2776 967 2861 Hervorgehen
999 2778 1056 2843 der
1081 2777 1239 2861 Wirkung
1261 2799 1319 2843 ans

120 2888 183 2954 der
206 2890 392 2955 Ursaoho:“
414 2911 506 2955 mons
528 2901 632 2956 norme
651 2895 689 2955 ab
710 2895 829 2954 natura
846 2894 879 2954 et
893 2888 1035 2954 humano
1051 2890 1140 2955 cultu
1151 2890 1220 2973 lug.
1236 2896 1286 2970 48,
1294 2931 1319 2975 3.

119 3002 188 3066 nisi
221 3023 289 3086 qua
312 3003 360 3087 [a]
382 3002 557 3087 paludibus
587 3008 671 3067 invio
696 3000 760 3066 fuit
782 3000 821 3065 fr.
841 3001 866 3065 1.
888 3007 918 3067 8.
940 3023 1015 3066 nam
1038 3001 1140 3066 omnis
1160 3023 1180 3066 o
1202 3007 1321 3066 natura

122 3114 218 3179 velut
248 3135 346 3197 opere
374 3120 473 3197 atque
507 3112 654 3178 consulto
685 3134 842 3192 praeceps
871 3113 940 3196 lug.
970 3118 1047 3199 92‚5.
1083 3112 1319 3195 infrequentem

123 3227 305 3290 stationem
327 3230 473 3290 nostram
494 3230 740 3304 incertorumque
760 3230 831 3290 tum
853 3228 891 3289 ot
915 3224 1013 3289 armis
1029 3223 1068 3288 fr.
1083 3224 1134 3289 IV.
1153 3230 1203 3289 65.
1240 3224 1320 3290 (lum

123 3338 371 3421 praepositione
403 3338 608 3421 conjunctum
632 3342 682 3402 est
702 3342 851 3402 inuictus:
879 3342 1077 3416 vosautem,
1108 3335 1170 3401 hoo
1194 3342 1244 3401 est
1262 3355 1320 3420 po·

123 3450 227 3531 pulus
255 3450 434 3528 Romanus,
466 3454 570 3514 inuicti
599 3453 637 3513 ab
660 3453 810 3529 hostibus,
841 3449 1056 3532 imperatores
1080 3451 1222 3514 omnium
1244 3469 1320 3532 gen·

124 3563 221 3642 tium,
253 3563 332 3628 satis
362 3561 534 3626 habebatis
563 3562 702 3626 animam
730 3562 872 3627 retinere
902 3561 970 3646 Iug.
1003 3566 1101 3648 3¹120·
1131 3561 1321 3644 „unbesiegt

127 3694 192 3738 von
215 3674 324 3739 Seiten
356 3673 413 3739 der
442 3674 590 3740 Fundet
635 3673 680 3738 Ut
709 3673 828 3738 dieitur
849 3683 953 3738 ‘tutum
981 3694 1048 3737 esre
1079 3677 1116 3737 ot
1147 3678 1252 3752 aliqua
1273 3693 1319 3749 re,

126 3783 267 3868 legimus
294 3786 362 3852 Cat.
392 3792 475 3872 32‚1.
507 3792 540 3851 et
567 3791 605 3851 ab
634 3791 777 3851 incendio
812 3785 1022 3868 intellegebat
1055 3782 1169 3849 urbem
1202 3783 1320 3867 vigiliis

129 3902 284 3963 munitam.

215 4010 318 4093 Regio
349 4010 485 4094 alicujus
512 4009 560 4073 roi
586 4009 638 4073 vel
666 4010 765 4088 latus,
806 4028 870 4091 quo
899 4007 976 4090 quid
1007 4006 1045 4072 fit
1074 4008 1124 4072 vel
1153 4013 1321 4092 spectatur

132 4120 336 4204 significatur
357 4121 598 4206 praepositione
621 4142 642 4186 a
662 4122 695 4184 in
717 4121 804 4185 notis
824 4119 889 4184 illis
911 4119 1038 4184 (licendi
1061 4118 1223 4184 formulis:

216 4238 254 4298 ab
279 4241 407 4299 dextro:
431 4234 499 4298 Cat.
523 4240 608 4318 59‚2.
638 4231 676 4298 fr.
697 4232 737 4297 Π.
756 4238 806 4298 61.

218 4350 388 4411 orintrtro
410 4365 448 4411 ac
471 4351 584 4410 dextra
605 4345 673 4428 Ing.
698 4350 748 4424 50,
758 4385 784 4429 4.

217 4462 255 4522 ab
278 4464 393 4521 lutere:
412 4458 480 4540 lug.
504 4463 600 4542 14210·
627 4462 729 4541 long.
