3134 5042
715 353 932 416 ..30-

233 559 331 623 quam
352 536 489 623 periculi
510 535 686 605 effecerant
707 538 776 604 Cat.
800 543 884 624 l2‚2.
917 536 990 602 illos
1011 541 1179 604 dubitando
1201 542 1235 603 et
1256 536 1326 603 dies
1343 558 1423 618 pro-

232 657 358 717 tutando
379 671 515 735 magnas
536 652 797 736 opportunitates
826 671 1035 734 corrumpere
1060 650 1129 717 Cat.
1151 655 1203 730 43,
1210 692 1235 737 3.
1271 651 1335 736 ipsi
1357 651 1425 715 sin·

232 763 368 847 galatim
390 768 607 830 arcumcnndo
630 768 730 849 atoue
751 767 941 829 ementiendo
1046 762 1201 829 invidiam
1223 763 1426 828 conflaverat

232 874 301 942 eat.
323 882 374 955 49,
382 917 407 962 4.
435 875 556 943 Caeam
584 881 688 943 dando
715 878 902 943 atterendo
932 880 1120 957 ionocccndo
1143 874 1224 942 Cato
1253 874 1335 940 nihil
1358 881 1423 940 lor·

231 993 345 1070 ciendo
366 987 504 1074 gloriam
523 987 663 1073 adeptus
684 993 735 1055 est
756 986 826 1055 Cat
842 994 926 1076 54,3.
949 1008 989 1054 ea
1010 993 1270 1055 annumerando
1281 986 1422 1053 militum

232 1102 356 1167 animos
379 1099 581 1167 accendebat
597 1099 666 1167 Cat
682 1106 765 1187 bap.
786 1105 901 1167 contra
923 1105 1098 1182 reparando
1184 1099 1330 1167 invenias
1351 1097 1421 1182 lug.

235 1219 296 1300 l,2‚
324 1233 430 1297 neque
455 1212 545 1280 aliud
573 1233 608 1278 se
634 1217 803 1295 fodicando
841 1213 904 1279 nisi
935 1212 1045 1279 odium
1073 1232 1231 1297 quaerere
1258 1212 1328 1295 lug.
1361 1217 1390 1292 3,
1396 1253 1421 1297 3.

231 1331 351 1391 memet
370 1324 513 1392 studium
534 1345 642 1391 meum
666 1331 824 1391 laudando
849 1325 1005 1392 extollere
1029 1326 1099 1410 lug.
1121 1331 1184 1412 iffi.
1212 1343 1277 1390 non
1298 1323 1421 1389 medio·

232 1458 319 1503 crem
353 1437 496 1503 animum
524 1441 727 1516 pollicitando
757 1438 982 1505 accendebant
1008 1438 1171 1523 Iug.,8,1.
1208 1456 1422 1520 quaecunque

230 1549 358 1634 possint
377 1554 540 1630 turpicndo
559 1570 678 1634 parare
700 1551 768 1634 lug.
792 1555 842 1630 13,
853 1592 877 1637 3.
900 1550 1045 1634 singulos
1066 1554 1240 1615 exsenatu
1257 1552 1421 1613 ambiundo

231 1660 419 1727 nitebantur
439 1661 509 1746 lug.
533 1667 581 1742 13,
589 1702 614 1747 3.
646 1668 750 1729 dendo
777 1666 812 1728 et
834 1668 1038 1744 pollicitando
1067 1662 1171 1728 multa
1192 1660 1331 1746 perfecit
1351 1659 1421 1743 lug.

234 1779 282 1854 16,
289 1815 314 1859 3.
342 1794 419 1839 auca
447 1779 600 1840 natando
628 1774 672 1840 ad
690 1775 844 1841 virtutem
867 1776 1011 1860 arrigere
1033 1775 1102 1858 lug.
1125 1780 1210 1861 23‚1.
1231 1773 1336 1839 multa
1352 1777 1421 1851 pol-

230 1890 350 1951 licendo
373 1905 412 1951 ac
433 1890 608 1953 mianondo
629 1909 741 1953 casum
768 1909 863 1953 suum
892 1886 1063 1953 confirmat
1083 1887 1152 1970 lug.
1175 1890 1260 1971 23,2.
1292 1905 1333 1950 ne
1353 1905 1422 1949 am-

230 1997 316 2082 plius
336 2004 485 2064 wando
507 1999 666 2065 Scaurum
779 2000 967 2066 incenderet
982 2000 1050 2083 lug.
1074 2004 1125 2080 25,
1133 2040 1174 2085 10.
1194 2002 1421 2077 interpellando

231 2129 271 2174 ac
292 2131 390 2193 saepe
412 2112 703 2192 pandnardum
726 2116 849 2192 jnrpiic
880 2117 1032 2177 tranando
1062 2115 1191 2194 tempus
1212 2109 1422 2174 atrocitatem

230 2220 310 2288 iacti
331 2223 497 2289 leniebant
517 2224 586 2308 lug.
609 2230 692 2310 27‚1.
720 2229 754 2289 et
774 2224 874 2291 urbes
902 2223 1028 2308 aliquot
1049 2226 1224 2305 pupncndo
1245 2222 1333 2305 cepit
1352 2220 1422 2302 lug.

232 2339 315 2420 28,7.
353 2357 393 2401 ne
425 2341 613 2418 ionocccndo
644 2337 739 2403 malis
772 2336 876 2404 bonos
915 2336 1080 2422 perditum
1109 2335 1192 2401 eatis
1221 2335 1290 2417 Ing.
1322 2339 1422 2419 tlffl.

231 2446 314 2512 haec
335 2452 435 2532 atque
457 2449 522 2514 alia
542 2449 678 2535 hujusce
698 2450 788 2516 modi
811 2470 910 2535 saepe
933 2455 1063 2516 dicendo
1153 2446 1331 2533 persuadet
1352 2445 1422 2529 lug.

233 2563 315 2645 32,1.
341 2560 385 2625 ad
407 2580 447 2626 ea
467 2562 631 2646 patranda
660 2568 793 2629 senatus
823 2568 1008 2629 enormitate
1030 2561 1110 2627 sccii
1130 2579 1311 2643 nomenque
1332 2557 1423 2622 Lati-

231 2692 308 2737 num
338 2677 373 2738 et
401 2693 495 2756 reges
523 2675 609 2741 ultro
641 2673 764 2740 auxilia
792 2680 941 2741 nittnndo
976 2679 1141 2759 postremo
1170 2673 1274 2739 omnis
1307 2670 1431 2745 civitae

232 2805 356 2849 summo
389 2785 497 2851 studio
528 2786 738 2854 adnitebatur
767 2788 836 2871 lug.
857 2792 908 2869 43,
916 2828 942 2873 4.
972 2789 1021 2853 ita
1036 2790 1232 2867 probibendo
1254 2807 1275 2851 a
1295 2781 1422 2850 delictis

119 2952 123 2957 ,
230 2897 335 2981 magis
363 2918 461 2981 quam
487 2905 673 2965 uindicando
696 2901 875 2966 exercitum
967 2898 1171 2965 confirmavit
1191 2898 1259 2982 lug.
1276 2902 1359 2982 45‚3.
1382 2916 1422 2959 ao

231 3009 390 3093 paulatim
427 3018 573 3077 tendendo
666 3011 770 3078 multa
800 3017 978 3092 pollicendo
1020 3010 1198 3096 persuadet
1235 3010 1303 3093 lug.
1340 3013 1421 3092 46sp

225 3127 401 3201 pollicendo
432 3128 601 3191 minitando
629 3129 808 3190 obtestando
835 3123 935 3190 alium
961 3124 1026 3189 alio
1054 3122 1152 3188 modo
1181 3122 1325 3187 excitare
1352 3119 1421 3202 lug.

231 3239 316 3318 49‚4.
339 3235 463 3301 eminus
480 3243 653 3318 pnpnondo
676 3238 818 3303 retinere
839 3237 908 3321 lug.
938 3242 1021 3323 5l‚5.
1050 3240 1222 3317 formidine
1244 3238 1302 3300 aut
1324 3242 1421 3296 octen-

232 3351 325 3410 tondo
346 3348 493 3430 praemia
516 3348 672 3415 affectare
693 3349 761 3433 lug.
785 3355 868 3436 66,1.
900 3349 1009 3415 omnia
1039 3353 1184 3413 tentando
1214 3347 1338 3412 socium
1359 3341 1423 3409 sibi

232 3457 381 3544 adjungit
402 3459 470 3543 lug.
495 3465 576 3547 7⁰³2·
608 3483 648 3528 ne
669 3483 779 3527 moras
802 3467 950 3544 upitcndo
972 3460 1063 3528 aliud
1083 3482 1181 3546 quam
1202 3458 1323 3525 bellum
1342 3454 1422 3521 mal-

231 3571 277 3636 let
299 3571 367 3656 lug.
390 3578 473 3658 81‚4.
503 3579 537 3638 et
557 3579 721 3641 ambiundo
750 3595 866 3658 cogere
896 3575 1043 3640 homines
1065 3575 1134 3657 lug.
1158 3579 1240 3659 84‚2.
1269 3591 1354 3656 quac
1375 3569 1423 3634 illi

232 3688 353 3761 litteris,
376 3705 415 3750 ea
438 3705 499 3769 ego
520 3692 679 3753 militando
703 3686 803 3753 didici
823 3686 892 3771 lug.
915 3693 1016 3774 85‚13.
1038 3687 1121 3752 haec
1143 3691 1241 3769 atque
1259 3684 1422 3750 taliama·

228 3797 318 3880 jures
341 3797 440 3863 vestri
457 3803 609 3879 sociando
632 3819 731 3883 seque
753 3798 989 3884 rempublicam
1009 3797 1216 3865 celebravere
1237 3797 1307 3880 Iug.
1323 3801 1421 3880 diffie.

231 3909 352 3991 partim
373 3914 403 3974 oi
425 3910 491 3975 alia
511 3923 592 3977 meta
614 3918 672 3979 aut
693 3912 841 3997 praemia
871 3917 1051 3977 ostentando
1077 3914 1226 3977 avortere
1246 3909 1316 3991 Iug.
1339 3913 1421 3991 89η.

232 4041 297 4088 neu
317 4026 351 4087 te
374 4026 543 4107 optumum
564 4047 638 4092 cum
658 4026 800 4110 pessimo
822 4024 965 4091 omnium
981 4022 1142 4108 Iugurtha
1162 4027 1317 4088 miscendo
1336 4040 1422 4085 com-

232 4132 414 4201 maculares
436 4135 505 4220 Iug.
530 4143 634 4225 1025.
665 4144 699 4204 ct
720 4143 907 4220 ipnoccendo
929 4137 1042 4222 populi
1063 4136 1201 4202 Romani
1227 4130 1423 4217 magnitudi-

233 4268 306 4311 nem
328 4248 457 4314 auxissc
480 4249 534 4314 Or.
556 4250 637 4316 Phil.
662 4257 690 4316 6.
713 4249 776 4317 sibi
799 4252 936 4334 quisque
960 4270 1038 4333 opes
1059 4253 1117 4314 aut
1131 4247 1315 4334 patrocinia
1330 4265 1423 4326 pnoe-

232 4364 331 4425 rcndo
362 4361 531 4428 consilium
555 4361 722 4448 publicum
752 4367 969 4447 corruperunt
998 4361 1052 4427 Or.
1082 4360 1164 4427 Phil.
1188 4365 1237 4426 16.
1266 4380 1330 4425 neu
1346 4377 1423 4438 pro-

233 4477 369 4537 latandis
397 4481 597 4539 seditionibus
690 4495 749 4540 uos
779 4475 814 4538 in
841 4473 1057 4539 sollicitudine
1086 4473 1227 4537 attinens
1257 4472 1310 4536 Or.
1341 4468 1422 4534 Phil.
