3134 5042
639 422 855 484 -43-

124 631 209 674 mus
233 609 353 675 multis
370 608 447 674 locis
469 608 689 692 conjunctum
714 630 788 674 cnm
805 612 941 686 pessino.
979 607 1145 691 adscripsi
1167 608 1242 673 hos:
1273 614 1339 689 opi-

14 712 20 759 s
125 725 274 785 ioboiur
299 722 402 805 magis
421 719 596 804 magisque
625 719 659 785 in
688 720 906 786 disserimus
935 719 1028 785 ferox
1050 724 1156 799 inopia
1176 721 1224 785 rei
1246 719 1340 785 fami-

120 832 234 897 liaris
270 838 309 898 et
336 836 525 899 conscientie
560 832 727 898 scelerum.
770 833 840 898 Oat.
866 839 929 917 5‚7.
974 836 1128 897 cotidiano
1156 853 1215 896 usu
1242 836 1340 916 atque
1415 870 1418 876 ·

118 949 306 1010 illecebris
341 944 437 1010 facile
473 965 536 1028 par
565 944 744 1028 similisque
774 944 891 1009 ceteris
920 943 1125 1009 efficiebatur
1157 943 1225 1008 Oat.
1259 949 1340 1029 14,4.

118 1078 253 1140 neque
291 1061 449 1122 insomniis
476 1078 581 1140 neque
616 1061 722 1123 loborc
753 1056 885 1140 fatigari
915 1056 984 1121 Oat.
1017 1062 1100 1142 27,2.
1141 1057 1211 1140 jam
1244 1060 1341 1121 antea

118 1170 228 1253 volgi
245 1173 429 1235 rumoribus
452 1169 653 1252 exagitatum
674 1169 744 1235 Cat.
757 1173 839 1254 29,1.
867 1172 1040 1253 praeterea
1055 1188 1192 1252 quorum
1211 1172 1341 1232 victorio

120 1281 261 1347 Sullae
286 1286 440 1365 parentes
461 1280 637 1365 proscripti
659 1282 727 1346 Oat.
744 1285 825 1366 37‚9.
871 1301 929 1360 quo
944 1287 1072 1346 tumultu
1086 1279 1214 1345 facilior
1233 1278 1341 1344 aditus

123 1393 176 1459 ad
203 1392 385 1459 consulem
476 1391 571 1458 fieret
600 1392 668 1458 Oat.
691 1397 742 1473 43,
751 1434 776 1479 2.
819 1392 909 1476 iique
937 1397 1052 1457 indicio
1081 1392 1116 1455 Τ.
1139 1391 1287 1457 Volturci
1309 1395 1343 1456 et

121 1505 338 1590 legatorum
352 1504 564 1589 Allobrogum
584 1508 713 1570 conuicti
733 1509 928 1586 consessione
949 1504 1014 1570 sint
1036 1504 1105 1569 Oat
1118 1508 1217 1591 5236.
1261 1513 1342 1568 moin

126 1623 251 1702 atque
275 1622 412 1685 lubidine
434 1616 583 1683 divorsus
604 1620 783 1698 opitulatur
804 1617 874 1701 lug.
897 1622 980 1703 2553.
1025 1637 1089 1700 quo
1111 1615 1239 1682 facilius
1262 1620 1340 1681 indi·

132 1736 190 1796 cio
216 1730 314 1814 regis
333 1729 449 1796 Scauri
471 1733 505 1794 et
524 1728 725 1812 reliquorum
821 1728 942 1794 delicta
956 1737 1145 1808 patelierent
1165 1728 1233 1813 lug.
1257 1733 1341 1813 321.

131 1863 260 1926 neque
290 1843 387 1927 plane
419 1847 563 1907 occultati
588 1845 757 1907 bumilitate
788 1840 943 1907 arborum
1036 1861 1109 1905 cum
1136 1850 1251 1905 nmero
1277 1839 1342 1904 loci

136 1959 218 2020 tum
246 1961 317 2021 dolo
338 1953 402 2038 ipsi
424 1959 523 2036 atque
545 1954 638 2037 signa
657 1952 816 2018 militaria
837 1956 1000 2018 obscurati.
1022 1952 1091 2037 lug.
1105 1958 1188 2039 49,5.
1219 1961 1341 2017 noctur-

12 2114 14 2121 .
137 2072 193 2130 nis
220 2071 258 2132 et
282 2070 359 2132 ociis
380 2069 542 2131 itineribus
562 2071 724 2146 ipnorotus
745 2064 814 2147 lug.
836 2070 886 2145 54,
894 2106 919 2150 9.
960 2063 1016 2130 alii
1037 2063 1157 2129 bonum
1178 2063 1342 2147 ingenium

141 2183 338 2244 contumelio
373 2198 535 2243 accensum
571 2197 643 2244 esse
670 2178 738 2261 Ing.
768 2182 851 2262 82,3.
902 2181 1011 2257 onibus
1041 2181 1133 2242 rebus
1163 2180 1197 2241 et
1224 2180 1342 2241 ortibus

12 2310 17 2347 ἐ
140 2290 245 2356 brevi
272 2289 378 2355 Mario
406 2288 629 2374 militibusque
658 2294 837 2355 carissimus
863 2296 972 2369 suctus
1001 2289 1071 2372 lug.
1101 2294 1185 2373 9⁶³4·
1237 2308 1343 2370 neque

144 2407 266 2469 tamen
290 2404 420 2469 victorio
441 2423 547 2468 socors
566 2405 625 2467 aut
645 2406 780 2466 insolens
800 2400 909 2466 factus
931 2399 1116 2486 Iug.100,1.
1137 2405 1208 2465 tum
1229 2420 1342 2464 rursus

13 2550 19 2571 »
143 2515 305 2582 bocchus
323 2520 459 2596 sleciiur
487 2535 545 2580 seu
565 2519 740 2594 reputando
762 2534 848 2597 quae
870 2511 932 2577 sibi
965 2516 1082 2577 dnobus
1099 2516 1231 2591 procliis
1254 2531 1341 2576 oene-

146 2639 228 2693 ront
250 2628 319 2711 lug.
342 2631 413 2706 103,
421 2668 445 2712 2.
488 2647 539 2706 ne,
563 2647 647 2710 quae
669 2625 732 2710 ipsi
758 2625 901 2691 nefanda
922 2624 1124 2704 existimatis,
1157 2644 1196 2689 ea
1224 2643 1342 2707 parum

149 2746 312 2806 medendo
342 2739 384 2804 de
414 2738 486 2804 aliis
513 2737 810 2804 circumveniamini
835 2737 889 2804 Or.
911 2737 988 2821 Lep.
1013 2742 1040 2802 l.
1085 2737 1242 2803 scelerum
1271 2755 1341 2801 con-

149 2856 287 2917 scientia
308 2851 466 2934 exagitati
489 2851 543 2916 Or.
564 2850 646 2917 Phil.
670 2856 698 2915 7.
741 2849 825 2914 haec
852 2850 880 2915 si
902 2855 970 2915 dolo
993 2853 1051 2914 aut
1070 2853 1215 2913 socordio
1236 2857 1343 2912 nostro

151 2968 326 3057 contracta
356 2967 432 3028 sunt
461 2962 514 3027 Or.
538 2962 620 3028 Oott.
644 2969 673 3029 8.
717 2968 862 3027 cudendo
891 2966 925 3026 et
950 2966 1095 3042 fallundo
1124 2964 1157 3024 et
1185 2958 1273 3024 bella
1301 2979 1342 3024 en

150 3075 251 3142 bellis
272 3081 408 3141 serundo
430 3080 534 3156 nicom
558 3081 640 3155 facti
667 3072 934 3159 spurinnae.
977 3077 1109 3157 postero
1135 3070 1187 3137 die
1208 3075 1341 3136 liberali·
1439 3120 1442 3127 .

152 3193 211 3255 bus
234 3192 334 3255 uerbis
355 3186 529 3272 permulcti
550 3192 627 3251 sunt
647 3185 686 3250 ir.
706 3185 759 3252 IV.
784 3191 812 3250 6.

243 3301 430 3385 Sequuntur
452 3303 617 3379 adjectivo,
647 3318 731 3382 quae
746 3298 939 3382 plerumque
961 3294 1184 3363 circumscribi
1205 3301 1343 3380 possunt

153 3415 255 3481 verbo
271 3419 415 3495 passivo:

243 3548 336 3593 ocer:
359 3546 497 3610 quarum
518 3524 576 3605 vis,
598 3524 695 3591 sicuti
710 3525 854 3590 omnium
867 3523 1011 3591 ferarum
1034 3530 1140 3605 inopie
1153 3525 1217 3591 cibi
1236 3524 1342 3590 acrior

154 3640 224 3724 lug.
247 3645 332 3725 89,5.

244 3773 353 3832 ceper:
377 3771 478 3835 aegra
498 3755 593 3836 parte
613 3751 751 3816 militum
767 3751 915 3816 autumni
934 3755 1088 3832 pronitate
1108 3749 1146 3815 fr.
1169 3750 1224 3815 ill.
1250 3756 1299 3816 67.

244 3885 352 3944 asper:
374 3863 423 3928 uti
443 3863 596 3947 planities
626 3867 698 3929 erat
719 3863 805 3928 inter
826 3863 975 3928 sinistros
1003 3862 1122 3927 montis
1144 3867 1177 3927 et
1199 3863 1241 3926 ab
1264 3862 1341 3928 dex·

157 3983 230 4042 tera
248 3996 328 4057 rupe
350 3997 476 4059 aspera.
498 3975 567 4056 Oat,
590 3981 670 4061 59,2.

244 4109 374 4153 ccccm:
403 4087 529 4151 animus
550 4091 696 4166 cupidine
718 4107 835 4151 caecus
856 4086 900 4150 ad
921 4087 1086 4169 inceptum
1108 4086 1214 4153 scelus
1234 4087 1341 4171 rapie-

157 4199 256 4266 batur
275 4201 343 4284 Ing.
360 4204 443 4284 25‚7.
487 4204 545 4264 sut
567 4203 712 4278 cupidine
739 4218 857 4263 caccus
878 4198 947 4282 lug.
970 4203 1052 4283 37,4.
1098 4199 1187 4263 caeci
1208 4204 1342 4265 orontio

156 4311 224 4397 Ing.
247 4318 328 4399 80‚5.

242 4434 369 4489 cautus:
398 4428 591 4489 cautissimus
621 4433 701 4488 netu
731 4422 837 4507 gentis
859 4421 902 4487 ad
926 4420 1016 4488 furta
1043 4421 1122 4488 belli
1146 4423 1342 4508 peridoneus

157 4534 195 4600 ir.
210 4535 234 4600 Ι.
255 4541 305 4602 86.
