<?xml version="1.0" encoding="UTF-8"?>
<!DOCTYPE html PUBLIC "-//W3C//DTD XHTML 1.0 Transitional//EN"
    "http://www.w3.org/TR/xhtml1/DTD/xhtml1-transitional.dtd">
<html xmlns="http://www.w3.org/1999/xhtml" xml:lang="en" lang="en">
 <head>
  <title>
</title>
<meta http-equiv="Content-Type" content="text/html;charset=utf-8" />
  <meta name='ocr-system' content='tesseract 3.04.00' />
  <meta name='ocr-capabilities' content='ocr_page ocr_carea ocr_par ocr_line ocrx_word'/>
</head>
<body>
  <div class='ocr_page' id='page_1' title='image "./deablativosallu01chrigoog_0049.png"; bbox 0 0 3134 5042; ppageno 0'>
   <div class='ocr_carea' id='block_1_1' title="bbox 630 390 847 450">
    <p class='ocr_par' dir='ltr' id='par_1_1' title="bbox 630 390 847 450">
     <span class='ocr_line' id='line_1_1' title="bbox 630 390 847 450; baseline 0.009 -21"><span class='ocrx_word' id='word_1_1' title='bbox 630 390 847 450; x_wconf 40' lang='lat'><strong>*45-</strong></span> 
     </span>
    </p>
   </div>
   <div class='ocr_carea' id='block_1_2' title="bbox 9 561 1337 2002">
    <p class='ocr_par' dir='ltr' id='par_1_2' title="bbox 9 561 1336 771">
     <span class='ocr_line' id='line_1_2' title="bbox 9 561 1336 667; baseline 0.001 -30"><span class='ocrx_word' id='word_1_2' title='bbox 9 630 15 667; x_wconf 62' lang='lat' dir='ltr'><strong>r</strong></span> <span class='ocrx_word' id='word_1_3' title='bbox 219 578 378 651; x_wconf 60' lang='lat' dir='ltr'><strong>dammae:</strong></span> <span class='ocrx_word' id='word_1_4' title='bbox 399 561 523 655; x_wconf 74' lang='lat' dir='ltr'><strong>qubus</strong></span> <span class='ocrx_word' id='word_1_5' title='bbox 548 589 669 654; x_wconf 86' lang='lat' dir='ltr'><strong>eorpus</strong></span> <span class='ocrx_word' id='word_1_6' title='bbox 691 577 782 637; x_wconf 83' lang='lat' dir='ltr'><strong>anais</strong></span> <span class='ocrx_word' id='word_1_7' title='bbox 805 576 965 650; x_wconf 60' lang='lat' dir='ltr'><strong>tammam,</strong></span> <span class='ocrx_word' id='word_1_8' title='bbox 997 572 1161 656; x_wconf 81' lang='lat' dir='ltr'>ingenium</span> <span class='ocrx_word' id='word_1_9' title='bbox 1182 577 1336 653; x_wconf 77' lang='lat' dir='ltr'><strong><em>sapientia</em></strong></span> 
     </span>
     <span class='ocr_line' id='line_1_3' title="bbox 13 664 550 771; baseline 0.002 -23"><span class='ocrx_word' id='word_1_10' title='bbox 13 664 20 668; x_wconf 72' lang='grc'>“</span> <span class='ocrx_word' id='word_1_11' title='bbox 120 689 276 749; x_wconf 75' lang='lat' dir='ltr'><strong>vassum</strong></span> <span class='ocrx_word' id='word_1_12' title='bbox 299 692 371 751; x_wconf 76' lang='lat' dir='ltr'><strong>era</strong></span> <span class='ocrx_word' id='word_1_13' title='bbox 390 685 458 750; x_wconf 76' lang='lat' dir='ltr'><strong>aar.</strong></span> <span class='ocrx_word' id='word_1_14' title='bbox 483 690 550 771; x_wconf 58' lang='grc'>1,..</span> 
     </span>
    </p>

    <p class='ocr_par' dir='ltr' id='par_1_3' title="bbox 217 795 1061 881">
     <span class='ocr_line' id='line_1_4' title="bbox 217 795 1061 881; baseline -0.001 -19"><span class='ocrx_word' id='word_1_15' title='bbox 217 796 519 881; x_wconf 62' lang='lat' dir='ltr'><strong>annianumque</strong></span> <span class='ocrx_word' id='word_1_16' title='bbox 536 801 707 877; x_wconf 76' lang='lat' dir='ltr'><strong>paladibus</strong></span> <span class='ocrx_word' id='word_1_17' title='bbox 728 796 816 863; x_wconf 84' lang='lat' dir='ltr'><strong>invia</strong></span> <span class='ocrx_word' id='word_1_18' title='bbox 838 795 900 862; x_wconf 81' lang='lat' dir='ltr'><strong>fuit</strong></span> <span class='ocrx_word' id='word_1_19' title='bbox 920 795 960 862; x_wconf 84' lang='lat' dir='ltr'><strong>fr.</strong></span> <span class='ocrx_word' id='word_1_20' title='bbox 982 797 1006 861; x_wconf 92' lang='grc' dir='ltr'>Ι.</span> <span class='ocrx_word' id='word_1_21' title='bbox 1033 801 1061 863; x_wconf 84' lang='lat'><strong>8.</strong></span> 
     </span>
    </p>

    <p class='ocr_par' dir='ltr' id='par_1_4' title="bbox 219 907 1261 995">
     <span class='ocr_line' id='line_1_5' title="bbox 219 907 1261 995; baseline -0.001 -20"><span class='ocrx_word' id='word_1_22' title='bbox 219 915 415 992; x_wconf 76' lang='lat' dir='ltr'><strong>laaaaidas:</strong></span> <span class='ocrx_word' id='word_1_23' title='bbox 438 907 587 976; x_wconf 90' lang='lat' dir='ltr'><strong>omnibus</strong></span> <span class='ocrx_word' id='word_1_24' title='bbox 608 913 714 975; x_wconf 85' lang='lat' dir='ltr'><strong>labare</strong></span> <span class='ocrx_word' id='word_1_25' title='bbox 737 914 770 975; x_wconf 89' lang='lat' dir='ltr'><strong>et</strong></span> <span class='ocrx_word' id='word_1_26' title='bbox 792 919 880 975; x_wconf 83' lang='lat' dir='ltr'><strong>aesta</strong></span> <span class='ocrx_word' id='word_1_27' title='bbox 901 908 1064 993; x_wconf 81' lang='lat' dir='ltr'><strong>languidis</strong></span> <span class='ocrx_word' id='word_1_28' title='bbox 1086 910 1155 993; x_wconf 89' lang='lat' dir='ltr'><strong>Ing.</strong></span> <span class='ocrx_word' id='word_1_29' title='bbox 1178 914 1261 995; x_wconf 57' lang='lat' dir='ltr'><strong>olffi.</strong></span> 
     </span>
    </p>

    <p class='ocr_par' dir='ltr' id='par_1_5' title="bbox 109 1019 1337 1892">
     <span class='ocr_line' id='line_1_6' title="bbox 217 1019 1337 1106; baseline -0.002 -19"><span class='ocrx_word' id='word_1_30' title='bbox 217 1044 381 1104; x_wconf 76' lang='lat' dir='ltr'><strong>maanus:</strong></span> <span class='ocrx_word' id='word_1_31' title='bbox 413 1021 502 1087; x_wconf 88' lang='lat' dir='ltr'><strong>haud</strong></span> <span class='ocrx_word' id='word_1_32' title='bbox 530 1043 608 1088; x_wconf 88' lang='lat' dir='ltr'><strong>sane</strong></span> <span class='ocrx_word' id='word_1_33' title='bbox 632 1022 804 1106; x_wconf 88' lang='lat' dir='ltr'><strong>quisquam</strong></span> <span class='ocrx_word' id='word_1_34' title='bbox 826 1021 949 1086; x_wconf 89' lang='lat' dir='ltr'><strong>Romae</strong></span> <span class='ocrx_word' id='word_1_35' title='bbox 982 1026 1094 1087; x_wconf 82' lang='lat' dir='ltr'><strong>virtute</strong></span> <span class='ocrx_word' id='word_1_36' title='bbox 1116 1041 1252 1104; x_wconf 89' lang='lat' dir='ltr'><strong>magnus</strong></span> <span class='ocrx_word' id='word_1_37' title='bbox 1273 1019 1337 1085; x_wconf 88' lang='lat' dir='ltr'><strong>fuit</strong></span> 
     </span>
     <span class='ocr_line' id='line_1_7' title="bbox 111 1132 1336 1221; baseline -0.003 -21"><span class='ocrx_word' id='word_1_38' title='bbox 111 1133 197 1200; x_wconf 80' lang='lat' dir='ltr'><strong>Cat.</strong></span> <span class='ocrx_word' id='word_1_39' title='bbox 228 1139 322 1221; x_wconf 71' lang='lat'><strong>53,5.</strong></span> <span class='ocrx_word' id='word_1_40' title='bbox 370 1140 484 1200; x_wconf 80' lang='lat' dir='ltr'><strong>virtute</strong></span> <span class='ocrx_word' id='word_1_41' title='bbox 511 1139 616 1215; x_wconf 74' lang='lat' dir='ltr'><strong>maana·</strong></span> <span class='ocrx_word' id='word_1_42' title='bbox 646 1133 724 1198; x_wconf 88' lang='lat' dir='ltr'><strong>estis</strong></span> <span class='ocrx_word' id='word_1_43' title='bbox 756 1139 791 1200; x_wconf 85' lang='lat' dir='ltr'><strong>et</strong></span> <span class='ocrx_word' id='word_1_44' title='bbox 817 1138 953 1213; x_wconf 73' lang='lat' dir='ltr'><strong>opulenti</strong></span> <span class='ocrx_word' id='word_1_45' title='bbox 979 1132 1047 1217; x_wconf 89' lang='lat' dir='ltr'><strong>Ing.</strong></span> <span class='ocrx_word' id='word_1_46' title='bbox 1076 1138 1175 1218; x_wconf 73' lang='lat'>14,19.</span> <span class='ocrx_word' id='word_1_47' title='bbox 1228 1136 1336 1212; x_wconf 78' lang='lat' dir='ltr'><strong>quibas</strong></span> 
     </span>
     <span class='ocr_line' id='line_1_8' title="bbox 109 1244 1336 1330; baseline -0.002 -18"><span class='ocrx_word' id='word_1_48' title='bbox 109 1267 185 1330; x_wconf 84' lang='lat' dir='ltr'><strong>per</strong></span> <span class='ocrx_word' id='word_1_49' title='bbox 215 1252 355 1312; x_wconf 84' lang='lat' dir='ltr'><strong>ceteras</strong></span> <span class='ocrx_word' id='word_1_50' title='bbox 377 1250 491 1330; x_wconf 88' lang='lat' dir='ltr'><strong>gentes</strong></span> <span class='ocrx_word' id='word_1_51' title='bbox 513 1250 638 1312; x_wconf 66' lang='lat' dir='ltr'><strong>mamma·</strong></span> <span class='ocrx_word' id='word_1_52' title='bbox 659 1249 693 1310; x_wconf 89' lang='lat' dir='ltr'><strong>et</strong></span> <span class='ocrx_word' id='word_1_53' title='bbox 721 1250 801 1311; x_wconf 83' lang='lat' dir='ltr'><strong>olari</strong></span> <span class='ocrx_word' id='word_1_54' title='bbox 823 1246 902 1311; x_wconf 87' lang='lat' dir='ltr'><strong>estis</strong></span> <span class='ocrx_word' id='word_1_55' title='bbox 925 1244 979 1311; x_wconf 90' lang='lat' dir='ltr'><strong>Or.</strong></span> <span class='ocrx_word' id='word_1_56' title='bbox 1005 1244 1082 1329; x_wconf 87' lang='lat' dir='ltr'><strong>Lep.</strong></span> <span class='ocrx_word' id='word_1_57' title='bbox 1107 1250 1134 1309; x_wconf 93' lang='grc'><strong>1.</strong></span> <span class='ocrx_word' id='word_1_58' title='bbox 1178 1244 1336 1328; x_wconf 86' lang='lat' dir='ltr'><strong>Gonjuna·</strong></span> 
     </span>
     <span class='ocr_line' id='line_1_9' title="bbox 110 1356 1336 1444; baseline -0.004 -19"><span class='ocrx_word' id='word_1_59' title='bbox 110 1364 200 1425; x_wconf 84' lang='lat' dir='ltr'><strong>tum</strong></span> <span class='ocrx_word' id='word_1_60' title='bbox 237 1380 319 1424; x_wconf 88' lang='lat' dir='ltr'><strong>oum</strong></span> <span class='ocrx_word' id='word_1_61' title='bbox 351 1359 482 1444; x_wconf 86' lang='lat' dir='ltr'><strong>passivo</strong></span> <span class='ocrx_word' id='word_1_62' title='bbox 510 1361 620 1423; x_wconf 78' lang='lat' dir='ltr'><strong>baberi</strong></span> <span class='ocrx_word' id='word_1_63' title='bbox 641 1357 779 1441; x_wconf 89' lang='lat' dir='ltr'><strong>legimns</strong></span> <span class='ocrx_word' id='word_1_64' title='bbox 811 1356 880 1424; x_wconf 84' lang='lat' dir='ltr'><strong>Cat.</strong></span> <span class='ocrx_word' id='word_1_65' title='bbox 905 1363 955 1437; x_wconf 82' lang='lat'><strong>54,</strong></span> <span class='ocrx_word' id='word_1_66' title='bbox 965 1399 988 1443; x_wconf 74' lang='lat'><strong>2.</strong></span> <span class='ocrx_word' id='word_1_67' title='bbox 1033 1357 1154 1422; x_wconf 83' lang='lat' dir='ltr'><strong>Caesar</strong></span> <span class='ocrx_word' id='word_1_68' title='bbox 1182 1361 1336 1436; x_wconf 73' lang='lat' dir='ltr'><strong>benefieiis</strong></span> 
     </span>
     <span class='ocr_line' id='line_1_10' title="bbox 114 1469 1336 1555; baseline -0.003 -19"><span class='ocrx_word' id='word_1_69' title='bbox 114 1492 162 1536; x_wconf 85' lang='lat' dir='ltr'><strong>ae</strong></span> <span class='ocrx_word' id='word_1_70' title='bbox 188 1476 393 1537; x_wconf 78' lang='lat' dir='ltr'><strong>maataeataa</strong></span> <span class='ocrx_word' id='word_1_71' title='bbox 410 1490 546 1554; x_wconf 89' lang='lat' dir='ltr'><strong>magnus</strong></span> <span class='ocrx_word' id='word_1_72' title='bbox 560 1469 753 1536; x_wconf 83' lang='lat' dir='ltr'>habebatur.</span> <span class='ocrx_word' id='word_1_73' title='bbox 783 1475 857 1548; x_wconf 77' lang='lat' dir='ltr'><strong>fieri</strong></span> <span class='ocrx_word' id='word_1_74' title='bbox 878 1469 1044 1555; x_wconf 57' lang='grc'>011512.</span> <span class='ocrx_word' id='word_1_75' title='bbox 1073 1473 1252 1549; x_wconf 71' lang='lat' dir='ltr'><strong>intepretata</strong></span> <span class='ocrx_word' id='word_1_76' title='bbox 1274 1474 1336 1532; x_wconf 86' lang='lat' dir='ltr'><strong>ala-</strong></span> 
     </span>
     <span class='ocr_line' id='line_1_11' title="bbox 117 1580 1337 1650; baseline -0.004 -1"><span class='ocrx_word' id='word_1_77' title='bbox 117 1607 184 1649; x_wconf 73' lang='grc'><strong>111</strong></span> <span class='ocrx_word' id='word_1_78' title='bbox 211 1584 312 1650; x_wconf 87' lang='lat' dir='ltr'><strong>fieri:</strong></span> <span class='ocrx_word' id='word_1_79' title='bbox 335 1583 390 1649; x_wconf 90' lang='lat' dir='ltr'><strong>ille</strong></span> <span class='ocrx_word' id='word_1_80' title='bbox 409 1587 649 1650; x_wconf 80' lang='lat' dir='ltr'><strong>mansuetudine</strong></span> <span class='ocrx_word' id='word_1_81' title='bbox 671 1586 705 1648; x_wconf 86' lang='lat' dir='ltr'><strong>et</strong></span> <span class='ocrx_word' id='word_1_82' title='bbox 725 1586 940 1647; x_wconf 73' lang='lat' dir='ltr'><strong>atsaaaaraia</strong></span> <span class='ocrx_word' id='word_1_83' title='bbox 959 1580 1194 1647; x_wconf 86' lang='lat' dir='ltr'><strong>clarusfaotus.</strong></span> <span class='ocrx_word' id='word_1_84' title='bbox 1217 1580 1337 1645; x_wconf 80' lang='lat' dir='ltr'><strong>etenim</strong></span> 
     </span>
     <span class='ocr_line' id='line_1_12' title="bbox 118 1694 1336 1787; baseline -0.002 -27"><span class='ocrx_word' id='word_1_85' title='bbox 118 1717 236 1762; x_wconf 85' lang='lat' dir='ltr'><strong>nemo</strong></span> <span class='ocrx_word' id='word_1_86' title='bbox 263 1700 391 1777; x_wconf 79' lang='lat' dir='ltr'><strong>iaaaata</strong></span> <span class='ocrx_word' id='word_1_87' title='bbox 407 1699 590 1787; x_wconf 18' lang='lat' dir='ltr'><strong>*immortalis</strong></span> <span class='ocrx_word' id='word_1_88' title='bbox 618 1694 726 1760; x_wconf 87' lang='lat' dir='ltr'><strong>faetus</strong></span> <span class='ocrx_word' id='word_1_89' title='bbox 749 1699 799 1759; x_wconf 89' lang='lat' dir='ltr'><strong>est</strong></span> <span class='ocrx_word' id='word_1_90' title='bbox 820 1694 889 1778; x_wconf 86' lang='lat' dir='ltr'><strong>Ing.</strong></span> <span class='ocrx_word' id='word_1_91' title='bbox 912 1699 1011 1779; x_wconf 78' lang='lat'><strong>85‚49.</strong></span> <span class='ocrx_word' id='word_1_92' title='bbox 1055 1697 1216 1773; x_wconf 79' lang='lat' dir='ltr'><strong>multisque</strong></span> <span class='ocrx_word' id='word_1_93' title='bbox 1237 1697 1336 1772; x_wconf 81' lang='lat' dir='ltr'><strong>raspi-</strong></span> 
     </span>
     <span class='ocr_line' id='line_1_13' title="bbox 123 1805 1144 1892; baseline -0.003 -19"><span class='ocrx_word' id='word_1_94' title='bbox 123 1813 279 1874; x_wconf 78' lang='lat' dir='ltr'><strong><em>tionibus</em></strong></span> <span class='ocrx_word' id='word_1_95' title='bbox 302 1807 443 1873; x_wconf 82' lang='lat' dir='ltr'><strong>volentia</strong></span> <span class='ocrx_word' id='word_1_96' title='bbox 464 1806 552 1892; x_wconf 92' lang='lat' dir='ltr'><strong>plebi</strong></span> <span class='ocrx_word' id='word_1_97' title='bbox 570 1805 726 1872; x_wconf 84' lang='lat' dir='ltr'><strong>faoturus</strong></span> <span class='ocrx_word' id='word_1_98' title='bbox 749 1805 935 1872; x_wconf 80' lang='lat' dir='ltr'><strong>habebatur</strong></span> <span class='ocrx_word' id='word_1_99' title='bbox 956 1805 996 1871; x_wconf 82' lang='lat' dir='ltr'><strong>fr.</strong></span> <span class='ocrx_word' id='word_1_100' title='bbox 1016 1805 1070 1870; x_wconf 89' lang='lat' dir='ltr'><strong>IV.</strong></span> <span class='ocrx_word' id='word_1_101' title='bbox 1094 1809 1144 1870; x_wconf 88' lang='grc'><strong>31.</strong></span> 
     </span>
    </p>

    <p class='ocr_par' dir='ltr' id='par_1_6' title="bbox 226 1916 1337 2002">
     <span class='ocr_line' id='line_1_14' title="bbox 226 1916 1337 2002; baseline -0.005 -16"><span class='ocrx_word' id='word_1_102' title='bbox 226 1925 451 1986; x_wconf 81' lang='lat' dir='ltr'><strong>memorabilis:</strong></span> <span class='ocrx_word' id='word_1_103' title='bbox 479 1919 513 1983; x_wconf 92' lang='lat' dir='ltr'><strong>id</strong></span> <span class='ocrx_word' id='word_1_104' title='bbox 535 1918 662 1984; x_wconf 86' lang='lat' dir='ltr'><strong>faeinus</strong></span> <span class='ocrx_word' id='word_1_105' title='bbox 690 1918 849 2002; x_wconf 83' lang='lat' dir='ltr'><strong>imprimis</strong></span> <span class='ocrx_word' id='word_1_106' title='bbox 875 1938 935 2002; x_wconf 89' lang='lat' dir='ltr'><strong>ego</strong></span> <span class='ocrx_word' id='word_1_107' title='bbox 956 1916 1166 1983; x_wconf 84' lang='lat' dir='ltr'><strong>memorabile</strong></span> <span class='ocrx_word' id='word_1_108' title='bbox 1188 1916 1337 1982; x_wconf 86' lang='lat' dir='ltr'><strong>existimo</strong></span> 
     </span>
    </p>
   </div>
   <div class='ocr_carea' id='block_1_3' title="bbox 10 2030 889 2123">
    <p class='ocr_par' dir='ltr' id='par_1_7' title="bbox 10 2030 889 2123">
     <span class='ocr_line' id='line_1_15' title="bbox 10 2030 889 2123; baseline -0.002 -25"><span class='ocrx_word' id='word_1_109' title='bbox 10 2114 15 2123; x_wconf 17' lang='lat' dir='ltr'>ff</span> <span class='ocrx_word' id='word_1_110' title='bbox 127 2033 279 2098; x_wconf 83' lang='lat' dir='ltr'><strong>sceleris</strong></span> <span class='ocrx_word' id='word_1_111' title='bbox 299 2038 398 2115; x_wconf 90' lang='lat' dir='ltr'><strong>atque</strong></span> <span class='ocrx_word' id='word_1_112' title='bbox 420 2031 558 2116; x_wconf 84' lang='lat' dir='ltr'><strong>periculi</strong></span> <span class='ocrx_word' id='word_1_113' title='bbox 579 2035 711 2096; x_wconf 80' lang='lat' dir='ltr'><strong>navitate</strong></span> <span class='ocrx_word' id='word_1_114' title='bbox 733 2030 802 2096; x_wconf 82' lang='lat' dir='ltr'><strong>Cat.</strong></span> <span class='ocrx_word' id='word_1_115' title='bbox 825 2037 854 2111; x_wconf 82' lang='lat'><strong>4,</strong></span> <span class='ocrx_word' id='word_1_116' title='bbox 863 2071 889 2115; x_wconf 82' lang='lat'><strong>4.</strong></span> 
     </span>
    </p>
   </div>
   <div class='ocr_carea' id='block_1_4' title="bbox 9 2140 1340 4454">
    <p class='ocr_par' dir='ltr' id='par_1_8' title="bbox 9 2140 1339 4022">
     <span class='ocr_line' id='line_1_16' title="bbox 228 2140 1213 2227; baseline -0.005 -16"><span class='ocrx_word' id='word_1_117' title='bbox 228 2151 343 2211; x_wconf 82' lang='lat' dir='ltr'><strong>maltis:</strong></span> <span class='ocrx_word' id='word_1_118' title='bbox 365 2164 477 2209; x_wconf 91' lang='lat' dir='ltr'><strong>eorum</strong></span> <span class='ocrx_word' id='word_1_119' title='bbox 499 2143 598 2208; x_wconf 88' lang='lat' dir='ltr'><strong>animi</strong></span> <span class='ocrx_word' id='word_1_120' title='bbox 619 2141 733 2208; x_wconf 90' lang='lat' dir='ltr'><strong>molles</strong></span> <span class='ocrx_word' id='word_1_121' title='bbox 755 2153 857 2209; x_wconf 84' lang='lat' dir='ltr'><strong>aetate</strong></span> <span class='ocrx_word' id='word_1_122' title='bbox 881 2148 915 2208; x_wconf 84' lang='lat' dir='ltr'><strong>et</strong></span> <span class='ocrx_word' id='word_1_123' title='bbox 938 2140 1018 2206; x_wconf 87' lang='lat' dir='ltr'><strong>fluxi</strong></span> <span class='ocrx_word' id='word_1_124' title='bbox 1040 2142 1109 2207; x_wconf 85' lang='lat' dir='ltr'><strong>Cat.</strong></span> <span class='ocrx_word' id='word_1_125' title='bbox 1132 2147 1180 2222; x_wconf 86' lang='lat'><strong>14,</strong></span> <span class='ocrx_word' id='word_1_126' title='bbox 1188 2182 1213 2227; x_wconf 72' lang='lat'><strong>5.</strong></span> 
     </span>
     <span class='ocr_line' id='line_1_17' title="bbox 227 2253 1011 2339; baseline -0.003 -18"><span class='ocrx_word' id='word_1_127' title='bbox 227 2261 363 2322; x_wconf 78' lang='lat' dir='ltr'><strong>nimias:</strong></span> <span class='ocrx_word' id='word_1_128' title='bbox 385 2261 460 2339; x_wconf 88' lang='lat' dir='ltr'><strong>post</strong></span> <span class='ocrx_word' id='word_1_129' title='bbox 480 2255 537 2321; x_wconf 91' lang='lat' dir='ltr'><strong>ubi</strong></span> <span class='ocrx_word' id='word_1_130' title='bbox 555 2262 673 2335; x_wconf 71' lang='lat' dir='ltr'><strong>fidaaia</strong></span> <span class='ocrx_word' id='word_1_131' title='bbox 693 2255 812 2321; x_wconf 89' lang='lat' dir='ltr'><strong>nimius</strong></span> <span class='ocrx_word' id='word_1_132' title='bbox 836 2253 874 2319; x_wconf 90' lang='lat' dir='ltr'><strong>fr.</strong></span> <span class='ocrx_word' id='word_1_133' title='bbox 897 2255 938 2320; x_wconf 93' lang='lat' dir='ltr'><strong>II.</strong></span> <span class='ocrx_word' id='word_1_134' title='bbox 961 2259 1011 2321; x_wconf 82' lang='lat'><strong>93.</strong></span> 
     </span>
     <span class='ocr_line' id='line_1_18' title="bbox 233 2366 1337 2452; baseline -0.002 -19.506"><span class='ocrx_word' id='word_1_135' title='bbox 233 2379 444 2449; x_wconf 82' lang='lat' dir='ltr'><strong>opportunas:</strong></span> <span class='ocrx_word' id='word_1_136' title='bbox 477 2389 561 2452; x_wconf 88' lang='lat' dir='ltr'><strong>quae</strong></span> <span class='ocrx_word' id='word_1_137' title='bbox 589 2373 664 2433; x_wconf 80' lang='lat' dir='ltr'><strong>airis</strong></span> <span class='ocrx_word' id='word_1_138' title='bbox 688 2373 746 2433; x_wconf 88' lang='lat' dir='ltr'><strong>aut</strong></span> <span class='ocrx_word' id='word_1_139' title='bbox 768 2375 835 2433; x_wconf 85' lang='lat' dir='ltr'><strong>toea</strong></span> <span class='ocrx_word' id='word_1_140' title='bbox 855 2389 916 2452; x_wconf 91' lang='lat' dir='ltr'><strong>pro</strong></span> <span class='ocrx_word' id='word_1_141' title='bbox 940 2367 1088 2434; x_wconf 84' lang='lat' dir='ltr'><strong>hostibus</strong></span> <span class='ocrx_word' id='word_1_142' title='bbox 1112 2371 1145 2432; x_wconf 87' lang='lat' dir='ltr'><strong>et</strong></span> <span class='ocrx_word' id='word_1_143' title='bbox 1165 2366 1337 2432; x_wconf 87' lang='lat' dir='ltr'><strong>advorsum</strong></span> 
     </span>
     <span class='ocr_line' id='line_1_19' title="bbox 135 2481 789 2567; baseline 0 -21"><span class='ocrx_word' id='word_1_144' title='bbox 135 2502 172 2545; x_wconf 86' lang='lat' dir='ltr'><strong>se</strong></span> <span class='ocrx_word' id='word_1_145' title='bbox 197 2481 475 2567; x_wconf 84' lang='lat' dir='ltr'><strong>oportunissimos</strong></span> <span class='ocrx_word' id='word_1_146' title='bbox 498 2486 592 2546; x_wconf 90' lang='lat' dir='ltr'><strong>erant</strong></span> <span class='ocrx_word' id='word_1_147' title='bbox 610 2481 679 2565; x_wconf 87' lang='lat' dir='ltr'><strong>Ing.</strong></span> <span class='ocrx_word' id='word_1_148' title='bbox 703 2486 753 2561; x_wconf 82' lang='lat'><strong>88,</strong></span> <span class='ocrx_word' id='word_1_149' title='bbox 764 2521 789 2565; x_wconf 75' lang='lat'><strong>4.</strong></span> 
     </span>
     <span class='ocr_line' id='line_1_20' title="bbox 227 2593 1338 2676; baseline -0.001 -19.164"><span class='ocrx_word' id='word_1_150' title='bbox 227 2614 406 2672; x_wconf 79' lang='lat' dir='ltr'><strong>percarus.-</strong></span> <span class='ocrx_word' id='word_1_151' title='bbox 432 2593 471 2658; x_wconf 91' lang='lat' dir='ltr'><strong>iis</strong></span> <span class='ocrx_word' id='word_1_152' title='bbox 499 2598 616 2659; x_wconf 79' lang='lat' dir='ltr'><strong>modica</strong></span> <span class='ocrx_word' id='word_1_153' title='bbox 646 2613 775 2676; x_wconf 88' lang='lat' dir='ltr'><strong>quoque</strong></span> <span class='ocrx_word' id='word_1_154' title='bbox 804 2596 839 2658; x_wconf 84' lang='lat' dir='ltr'><strong>et</strong></span> <span class='ocrx_word' id='word_1_155' title='bbox 870 2596 1010 2672; x_wconf 63' lang='lat' dir='ltr'><strong>diligenti</strong></span> <span class='ocrx_word' id='word_1_156' title='bbox 1032 2596 1161 2671; x_wconf 82' lang='lat' dir='ltr'><strong>imperia</strong></span> <span class='ocrx_word' id='word_1_157' title='bbox 1181 2611 1338 2676; x_wconf 75' lang='lat' dir='ltr'><strong>percarus</strong></span> 
     </span>
     <span class='ocr_line' id='line_1_21' title="bbox 9 2690 434 2804; baseline -0.005 -33"><span class='ocrx_word' id='word_1_158' title='bbox 9 2690 21 2804; x_wconf 21' lang='grc'>4</span> <span class='ocrx_word' id='word_1_159' title='bbox 139 2704 434 2771; x_wconf 54' lang='lat' dir='ltr'><strong>mmmm</strong></span> 
     </span>
     <span class='ocr_line' id='line_1_22' title="bbox 9 2812 1256 2902; baseline -0.002 -20"><span class='ocrx_word' id='word_1_160' title='bbox 9 2812 21 2821; x_wconf 68' lang='grc'><strong>’”</strong></span> <span class='ocrx_word' id='word_1_161' title='bbox 228 2827 437 2897; x_wconf 67' lang='lat' dir='ltr'><strong>perennior</strong></span> <span class='ocrx_word' id='word_1_162' title='bbox 459 2838 575 2898; x_wconf 72' lang='lat' dir='ltr'><strong>ponere</strong></span> <span class='ocrx_word' id='word_1_163' title='bbox 591 2825 680 2898; x_wconf 86' lang='lat' dir='ltr'><strong>sama</strong></span> <span class='ocrx_word' id='word_1_164' title='bbox 701 2822 802 2901; x_wconf 87' lang='lat' dir='ltr'><strong>atque</strong></span> <span class='ocrx_word' id='word_1_165' title='bbox 825 2821 921 2896; x_wconf 76' lang='lat' dir='ltr'><strong>capiis</strong></span> <span class='ocrx_word' id='word_1_166' title='bbox 943 2821 1058 2902; x_wconf 89' lang='lat' dir='ltr'><strong>potens</strong></span> <span class='ocrx_word' id='word_1_167' title='bbox 1081 2816 1149 2899; x_wconf 90' lang='lat' dir='ltr'><strong>Ing.</strong></span> <span class='ocrx_word' id='word_1_168' title='bbox 1175 2820 1256 2901; x_wconf 69' lang='lat'><strong>¹427·</strong></span> 
     </span>
     <span class='ocr_line' id='line_1_23' title="bbox 229 2927 1338 3012; baseline -0.004 -17"><span class='ocrx_word' id='word_1_169' title='bbox 229 2949 405 3009; x_wconf 83' lang='lat' dir='ltr'><strong>praeceps:</strong></span> <span class='ocrx_word' id='word_1_170' title='bbox 430 2949 505 2994; x_wconf 91' lang='lat' dir='ltr'><strong>nam</strong></span> <span class='ocrx_word' id='word_1_171' title='bbox 526 2931 630 2995; x_wconf 89' lang='lat' dir='ltr'><strong>omnis</strong></span> <span class='ocrx_word' id='word_1_172' title='bbox 653 2951 674 2995; x_wconf 89' lang='lat' dir='ltr'><strong>a</strong></span> <span class='ocrx_word' id='word_1_173' title='bbox 696 2935 822 2997; x_wconf 87' lang='lat' dir='ltr'><strong>natura</strong></span> <span class='ocrx_word' id='word_1_174' title='bbox 843 2930 932 2995; x_wconf 83' lang='lat' dir='ltr'><strong>velut</strong></span> <span class='ocrx_word' id='word_1_175' title='bbox 954 2950 1048 3009; x_wconf 82' lang='lat' dir='ltr'><strong>opere</strong></span> <span class='ocrx_word' id='word_1_176' title='bbox 1069 2934 1168 3012; x_wconf 88' lang='lat' dir='ltr'><strong>atque</strong></span> <span class='ocrx_word' id='word_1_177' title='bbox 1191 2927 1338 2993; x_wconf 88' lang='lat' dir='ltr'><strong>oonsulto</strong></span> 
     </span>
     <span class='ocr_line' id='line_1_24' title="bbox 15 3042 503 3127; baseline -0.006 -18"><span class='ocrx_word' id='word_1_178' title='bbox 15 3117 18 3124; x_wconf 25' lang='lat'><strong>¹</strong></span> <span class='ocrx_word' id='word_1_179' title='bbox 142 3063 306 3127; x_wconf 81' lang='lat' dir='ltr'><strong>praeceps</strong></span> <span class='ocrx_word' id='word_1_180' title='bbox 327 3042 396 3124; x_wconf 86' lang='lat' dir='ltr'><strong>Ing.</strong></span> <span class='ocrx_word' id='word_1_181' title='bbox 420 3046 503 3127; x_wconf 58' lang='lat'><strong>925.</strong></span> 
     </span>
     <span class='ocr_line' id='line_1_25' title="bbox 13 3128 1339 3236; baseline -0.003 -17"><span class='ocrx_word' id='word_1_182' title='bbox 13 3128 18 3157; x_wconf 60' lang='lat'>⁵</span> <span class='ocrx_word' id='word_1_183' title='bbox 229 3160 435 3233; x_wconf 76' lang='lat' dir='ltr'><strong>praeclarae:</strong></span> <span class='ocrx_word' id='word_1_184' title='bbox 464 3173 503 3218; x_wconf 88' lang='lat' dir='ltr'><strong>aa</strong></span> <span class='ocrx_word' id='word_1_185' title='bbox 530 3153 670 3218; x_wconf 88' lang='lat' dir='ltr'><strong>maxime</strong></span> <span class='ocrx_word' id='word_1_186' title='bbox 703 3153 758 3236; x_wconf 91' lang='lat' dir='ltr'><strong>qui</strong></span> <span class='ocrx_word' id='word_1_187' title='bbox 786 3157 863 3218; x_wconf 83' lang='lat' dir='ltr'><strong>betta</strong></span> <span class='ocrx_word' id='word_1_188' title='bbox 893 3172 991 3235; x_wconf 87' lang='lat' dir='ltr'><strong>saepe</strong></span> <span class='ocrx_word' id='word_1_189' title='bbox 1023 3150 1186 3234; x_wconf 83' lang='lat' dir='ltr'><strong>praeclari</strong></span> <span class='ocrx_word' id='word_1_190' title='bbox 1208 3150 1339 3216; x_wconf 88' lang='lat' dir='ltr'><strong>fuerant</strong></span> 
     </span>
     <span class='ocr_line' id='line_1_26' title="bbox 143 3266 323 3351; baseline 0.006 -21"><span class='ocrx_word' id='word_1_191' title='bbox 143 3266 216 3350; x_wconf 88' lang='lat' dir='ltr'><strong>Ing.</strong></span> <span class='ocrx_word' id='word_1_192' title='bbox 241 3271 323 3351; x_wconf 75' lang='lat'><strong>39‚1.</strong></span> 
     </span>
     <span class='ocr_line' id='line_1_27' title="bbox 10 3358 1338 3461; baseline -0.003 -17"><span class='ocrx_word' id='word_1_193' title='bbox 10 3358 13 3366; x_wconf 45' lang='grc'><em>’</em></span> <span class='ocrx_word' id='word_1_194' title='bbox 231 3382 417 3458; x_wconf 75' lang='lat' dir='ltr'><strong>parantia:</strong></span> <span class='ocrx_word' id='word_1_195' title='bbox 446 3377 493 3442; x_wconf 86' lang='lat' dir='ltr'><strong>ita</strong></span> <span class='ocrx_word' id='word_1_196' title='bbox 519 3381 637 3455; x_wconf 72' lang='lat' dir='ltr'><strong>adacta</strong></span> <span class='ocrx_word' id='word_1_197' title='bbox 668 3396 767 3460; x_wconf 90' lang='lat' dir='ltr'><strong>quam</strong></span> <span class='ocrx_word' id='word_1_198' title='bbox 789 3380 979 3457; x_wconf 65' lang='lat' dir='ltr'><strong>argumentis</strong></span> <span class='ocrx_word' id='word_1_199' title='bbox 1002 3376 1209 3461; x_wconf 83' lang='lat' dir='ltr'><strong>purgatiores</strong></span> <span class='ocrx_word' id='word_1_200' title='bbox 1231 3374 1338 3440; x_wconf 87' lang='lat' dir='ltr'><strong>dimit-</strong></span> 
     </span>
     <span class='ocr_line' id='line_1_28' title="bbox 146 3489 460 3570; baseline 0.006 -16"><span class='ocrx_word' id='word_1_201' title='bbox 146 3495 263 3556; x_wconf 88' lang='lat' dir='ltr'><strong>tuntur</strong></span> <span class='ocrx_word' id='word_1_202' title='bbox 285 3489 324 3554; x_wconf 86' lang='lat' dir='ltr'><strong>fr.</strong></span> <span class='ocrx_word' id='word_1_203' title='bbox 347 3489 387 3570; x_wconf 83' lang='grc' dir='ltr'><strong>Π,</strong></span> <span class='ocrx_word' id='word_1_204' title='bbox 409 3495 460 3556; x_wconf 86' lang='grc'>89.</span> 
     </span>
     <span class='ocr_line' id='line_1_29' title="bbox 178 3600 1309 3686; baseline -0.001 -20"><span class='ocrx_word' id='word_1_205' title='bbox 178 3680 181 3686; x_wconf 34' lang='grc'><em>,</em></span> <span class='ocrx_word' id='word_1_206' title='bbox 238 3607 379 3668; x_wconf 81' lang='lat' dir='ltr'><strong>timidas:</strong></span> <span class='ocrx_word' id='word_1_207' title='bbox 400 3600 533 3667; x_wconf 89' lang='lat' dir='ltr'><strong>timidas</strong></span> <span class='ocrx_word' id='word_1_208' title='bbox 554 3606 718 3666; x_wconf 79' lang='lat' dir='ltr'><strong>insolentia</strong></span> <span class='ocrx_word' id='word_1_209' title='bbox 739 3601 866 3668; x_wconf 89' lang='lat' dir='ltr'><strong>itineris</strong></span> <span class='ocrx_word' id='word_1_210' title='bbox 888 3601 996 3668; x_wconf 84' lang='lat' dir='ltr'><strong>levare</strong></span> <span class='ocrx_word' id='word_1_211' title='bbox 1015 3622 1114 3667; x_wconf 88' lang='lat' dir='ltr'><strong>manu</strong></span> <span class='ocrx_word' id='word_1_212' title='bbox 1135 3601 1203 3684; x_wconf 87' lang='lat' dir='ltr'><strong>Ing.</strong></span> <span class='ocrx_word' id='word_1_213' title='bbox 1227 3606 1309 3686; x_wconf 75' lang='lat'><strong>94,2.</strong></span> 
     </span>
     <span class='ocr_line' id='line_1_30' title="bbox 236 3712 1235 3801; baseline -0.001 -23"><span class='ocrx_word' id='word_1_214' title='bbox 236 3719 399 3793; x_wconf 80' lang='lat' dir='ltr'><strong>trepidas:</strong></span> <span class='ocrx_word' id='word_1_215' title='bbox 423 3714 479 3798; x_wconf 88' lang='lat' dir='ltr'><strong>qni</strong></span> <span class='ocrx_word' id='word_1_216' title='bbox 501 3735 612 3780; x_wconf 90' lang='lat' dir='ltr'><strong>omnes</strong></span> <span class='ocrx_word' id='word_1_217' title='bbox 633 3712 754 3799; x_wconf 80' lang='lat' dir='ltr'><strong>trepidi</strong></span> <span class='ocrx_word' id='word_1_218' title='bbox 776 3719 939 3794; x_wconf 78' lang='lat' dir='ltr'><strong>improvisa</strong></span> <span class='ocrx_word' id='word_1_219' title='bbox 958 3724 1038 3780; x_wconf 85' lang='lat' dir='ltr'><strong>meta</strong></span> <span class='ocrx_word' id='word_1_220' title='bbox 1058 3714 1127 3797; x_wconf 89' lang='lat' dir='ltr'><strong>Ing.</strong></span> <span class='ocrx_word' id='word_1_221' title='bbox 1150 3718 1235 3801; x_wconf 73' lang='lat'><strong>97‚5.</strong></span> 
     </span>
     <span class='ocr_line' id='line_1_31' title="bbox 237 3824 1337 3911; baseline -0.001 -21"><span class='ocrx_word' id='word_1_222' title='bbox 237 3837 319 3892; x_wconf 81' lang='lat' dir='ltr'><strong>tatas</strong></span> <span class='ocrx_word' id='word_1_223' title='bbox 333 3855 342 3890; x_wconf 90' lang='lat'><strong>.·</strong></span> <span class='ocrx_word' id='word_1_224' title='bbox 365 3827 518 3909; x_wconf 87' lang='lat' dir='ltr'><strong>quoniam</strong></span> <span class='ocrx_word' id='word_1_225' title='bbox 540 3826 644 3892; x_wconf 89' lang='lat' dir='ltr'><strong>omnis</strong></span> <span class='ocrx_word' id='word_1_226' title='bbox 666 3826 787 3911; x_wconf 87' lang='lat' dir='ltr'><strong>injuria</strong></span> <span class='ocrx_word' id='word_1_227' title='bbox 808 3832 962 3907; x_wconf 73' lang='lat' dir='ltr'><strong>pravitate</strong></span> <span class='ocrx_word' id='word_1_228' title='bbox 981 3826 1083 3891; x_wconf 82' lang='lat' dir='ltr'><strong>tutior</strong></span> <span class='ocrx_word' id='word_1_229' title='bbox 1103 3830 1153 3890; x_wconf 88' lang='lat' dir='ltr'><strong>est</strong></span> <span class='ocrx_word' id='word_1_230' title='bbox 1175 3824 1228 3890; x_wconf 89' lang='lat' dir='ltr'><strong>Or.</strong></span> <span class='ocrx_word' id='word_1_231' title='bbox 1238 3825 1337 3890; x_wconf 84' lang='lat' dir='ltr'><strong>Mser.</strong></span> 
     </span>
     <span class='ocr_line' id='line_1_32' title="bbox 152 3938 1036 4022; baseline 0.001 -20"><span class='ocrx_word' id='word_1_232' title='bbox 152 3943 201 4003; x_wconf 87' lang='lat'><strong>13.</strong></span> <span class='ocrx_word' id='word_1_233' title='bbox 225 3944 263 4004; x_wconf 82' lang='lat' dir='ltr'><strong>ut</strong></span> <span class='ocrx_word' id='word_1_234' title='bbox 283 3943 358 4004; x_wconf 83' lang='lat' dir='ltr'><strong>meis</strong></span> <span class='ocrx_word' id='word_1_235' title='bbox 379 3942 534 4003; x_wconf 77' lang='lat' dir='ltr'><strong>laboribus</strong></span> <span class='ocrx_word' id='word_1_236' title='bbox 555 3939 619 4005; x_wconf 91' lang='lat' dir='ltr'><strong>tuti</strong></span> <span class='ocrx_word' id='word_1_237' title='bbox 640 3942 749 4003; x_wconf 85' lang='lat' dir='ltr'><strong>essent</strong></span> <span class='ocrx_word' id='word_1_238' title='bbox 770 3938 830 4022; x_wconf 86' lang='lat' dir='ltr'><strong>Ep.</strong></span> <span class='ocrx_word' id='word_1_239' title='bbox 852 3938 961 4003; x_wconf 91' lang='lat' dir='ltr'><strong>Mithr.</strong></span> <span class='ocrx_word' id='word_1_240' title='bbox 987 3943 1036 4003; x_wconf 81' lang='lat'><strong>12.</strong></span> 
     </span>
    </p>

    <p class='ocr_par' dir='ltr' id='par_1_9' title="bbox 150 4048 1340 4454">
     <span class='ocr_line' id='line_1_33' title="bbox 236 4048 1340 4135; baseline 0 -21"><span class='ocrx_word' id='word_1_241' title='bbox 236 4055 372 4115; x_wconf 80' lang='lat' dir='ltr'><strong>validas:</strong></span> <span class='ocrx_word' id='word_1_242' title='bbox 400 4050 564 4133; x_wconf 79' lang='lat' dir='ltr'><strong>ingenium</strong></span> <span class='ocrx_word' id='word_1_243' title='bbox 596 4054 751 4129; x_wconf 81' lang='lat' dir='ltr'><strong>sapientia</strong></span> <span class='ocrx_word' id='word_1_244' title='bbox 777 4048 919 4114; x_wconf 86' lang='lat' dir='ltr'><strong>validum</strong></span> <span class='ocrx_word' id='word_1_245' title='bbox 948 4049 1017 4115; x_wconf 88' lang='lat' dir='ltr'><strong>Cat.</strong></span> <span class='ocrx_word' id='word_1_246' title='bbox 1040 4055 1100 4135; x_wconf 68' lang='lat' dir='ltr'><strong>ssss·</strong></span> <span class='ocrx_word' id='word_1_247' title='bbox 1148 4048 1250 4115; x_wconf 89' lang='lat' dir='ltr'><strong>multo</strong></span> <span class='ocrx_word' id='word_1_248' title='bbox 1272 4069 1340 4114; x_wconf 87' lang='lat' dir='ltr'><strong>ma·</strong></span> 
     </span>
     <span class='ocr_line' id='line_1_34' title="bbox 150 4152 1340 4246; baseline -0.001 -20"><span class='ocrx_word' id='word_1_249' title='bbox 150 4152 235 4228; x_wconf 65' lang='lat' dir='ltr'><strong>rime</strong></span> <span class='ocrx_word' id='word_1_250' title='bbox 258 4168 382 4244; x_wconf 65' lang='lat' dir='ltr'><strong>ingenia</strong></span> <span class='ocrx_word' id='word_1_251' title='bbox 404 4161 530 4227; x_wconf 84' lang='lat' dir='ltr'><strong>validus</strong></span> <span class='ocrx_word' id='word_1_252' title='bbox 559 4161 712 4246; x_wconf 71' lang='lat' dir='ltr'><strong>Iug.6,1.</strong></span> <span class='ocrx_word' id='word_1_253' title='bbox 757 4160 806 4225; x_wconf 89' lang='lat' dir='ltr'><strong>uti</strong></span> <span class='ocrx_word' id='word_1_254' title='bbox 836 4161 975 4245; x_wconf 89' lang='lat' dir='ltr'><strong>quisque</strong></span> <span class='ocrx_word' id='word_1_255' title='bbox 1004 4160 1276 4245; x_wconf 82' lang='lat' dir='ltr'><strong>locupletissimus</strong></span> <span class='ocrx_word' id='word_1_256' title='bbox 1305 4167 1340 4226; x_wconf 86' lang='lat' dir='ltr'><strong>et</strong></span> 
     </span>
     <span class='ocr_line' id='line_1_35' title="bbox 150 4272 1337 4355; baseline 0.002 -19"><span class='ocrx_word' id='word_1_257' title='bbox 150 4279 271 4354; x_wconf 66' lang='lat' dir='ltr'><strong>inparia</strong></span> <span class='ocrx_word' id='word_1_258' title='bbox 292 4273 431 4340; x_wconf 83' lang='lat' dir='ltr'><strong>validior</strong></span> <span class='ocrx_word' id='word_1_259' title='bbox 452 4273 491 4338; x_wconf 86' lang='lat' dir='ltr'><strong>fr.</strong></span> <span class='ocrx_word' id='word_1_260' title='bbox 514 4272 538 4338; x_wconf 94' lang='lat' dir='ltr'><strong>I.</strong></span> <span class='ocrx_word' id='word_1_261' title='bbox 564 4278 612 4339; x_wconf 88' lang='grc'>10.</span> <span class='ocrx_word' id='word_1_262' title='bbox 645 4276 777 4339; x_wconf 85' lang='lat' dir='ltr'><strong>sanetus</strong></span> <span class='ocrx_word' id='word_1_263' title='bbox 809 4273 891 4338; x_wconf 87' lang='lat' dir='ltr'><strong>alias</strong></span> <span class='ocrx_word' id='word_1_264' title='bbox 925 4277 958 4338; x_wconf 87' lang='lat' dir='ltr'><strong>et</strong></span> <span class='ocrx_word' id='word_1_265' title='bbox 989 4278 1114 4355; x_wconf 65' lang='lat' dir='ltr'><strong>ingenio</strong></span> <span class='ocrx_word' id='word_1_266' title='bbox 1144 4272 1270 4340; x_wconf 79' lang='lat' dir='ltr'><strong>salidus</strong></span> <span class='ocrx_word' id='word_1_267' title='bbox 1298 4273 1337 4338; x_wconf 85' lang='lat' dir='ltr'><strong>ir.</strong></span> 
     </span>
     <span class='ocr_line' id='line_1_36' title="bbox 151 4385 248 4454; baseline 0.031 -5"><span class='ocrx_word' id='word_1_268' title='bbox 151 4385 174 4450; x_wconf 94' lang='lat'><strong>1.</strong></span> <span class='ocrx_word' id='word_1_269' title='bbox 199 4392 248 4454; x_wconf 82' lang='lat'><strong>92.</strong></span> 
     </span>
    </p>
   </div>
   <div class='ocr_carea' id='block_1_5' title="bbox 0 0 1575 5042">
    <p class='ocr_par' dir='ltr' id='par_1_10' title="bbox 0 0 1575 5042">
     <span class='ocr_line' id='line_1_37' title="bbox 0 0 1575 5042; baseline 0 0"><span class='ocrx_word' id='word_1_270' title='bbox 0 0 1575 5042; x_wconf 95' lang='lat' dir='ltr'><strong> </strong></span> 
     </span>
    </p>
   </div>
  </div>
 </body>
</html>
