3134 5042
697 419 912 480 ..64-

209 602 354 687 gurthini
374 602 466 686 signo
488 603 566 667 dato
583 608 693 668 castra
708 602 849 667 hostium
869 602 1026 667 invadunt
1045 603 1114 686 Ing.
1131 607 1215 688 2¹³2·
1237 605 1401 666 sollicitato

204 719 297 795 plebe
326 720 360 780 et
390 720 461 780 eliis
490 735 647 780 novarum
681 737 790 780 rerum
818 720 916 780 uiridis
1008 714 1181 779 condidere
1218 715 1286 797 Iug.
1319 720 1401 799 ¹9⁷1·

209 848 317 912 pauca
339 832 504 908 praesenti
541 832 666 893 consilio
695 827 824 893 locutus
854 828 922 911 lug.
946 832 1026 913 295.
1056 831 1285 907 cupientissimo
1309 830 1404 906 plebe

211 939 323 1005 consul
353 939 459 1006 factus
488 939 557 1024 lug.
585 946 669 1026 84η.
701 939 811 1005 multis
840 940 921 1005 locis
942 940 1076 1024 potitus
1107 960 1147 1005 ao
1170 939 1333 1024 plerisque
1356 943 1403 1002 in-

211 1062 338 1117 cruento
365 1057 515 1129 exercitu,
542 1051 640 1117 aliam
670 1073 738 1118 rem
768 1051 959 1136 aggreditur
989 1051 1057 1136 lug.
1081 1056 1132 1132 92,
1145 1092 1169 1137 4.
1194 1072 1286 1116 arms
1307 1071 1405 1116 orna·

210 1169 344 1248 tumque
371 1169 578 1230 mutaverunt
605 1169 707 1245 cupite
735 1170 835 1248 atque
853 1168 987 1244 pedibus
1008 1168 1102 1229 uubis
1122 1164 1192 1248 Iug.
1215 1163 1405 1249 91111111-

211 1277 273 1342 rim
287 1281 432 1354 omuibus,
455 1280 600 1342 Romanis
619 1280 825 1357 hostibusque,
848 1276 971 1362 proelio
987 1281 1121 1353 intentis,
1143 1296 1263 1359 magns
1290 1276 1406 1340 utrim-

211 1410 275 1473 que
295 1390 325 1454 vi
347 1410 408 1472 pro
429 1388 535 1473 gloria
554 1393 653 1472 atque
675 1388 809 1474 imperis
829 1395 889 1467 bis,
910 1395 970 1454 illis
993 1410 1053 1473 pro
1076 1389 1182 1454 salute
1204 1391 1406 1464 certantibus,

211 1507 345 1586 reponte
375 1507 510 1586 atergo
539 1502 632 1585 signa
660 1522 777 1568 cunero
806 1503 874 1585 lug.
892 1507 974 1588 94‚5.
1006 1505 1137 1582 defessis
1167 1501 1236 1586 jem
1269 1503 1407 1564 hostibus

212 1619 246 1679 et
267 1613 365 1697 paulo
396 1618 473 1678 aute
506 1634 618 1679 somno
647 1619 746 1694 captis
769 1613 810 1679 de
832 1614 1007 1699 improviso
1028 1613 1141 1697 vigiles
1237 1612 1329 1696 signs
1351 1632 1408 1676 oa·

211 1747 289 1791 nere
310 1726 379 1810 Iug.
403 1731 485 1811 991.
507 1726 632 1811 pariter
654 1747 694 1792 ao
715 1731 892 1792 saevissimo
914 1731 1041 1806 imperio
1072 1726 1143 1791 leno
1166 1730 1265 1808 atque
1288 1724 1408 1789 decore

214 1844 306 1923 gesto
327 1840 395 1921 lug.
421 1844 525 1924 1095.
548 1838 696 1904 consules
718 1839 842 1904 fecistis
932 1839 1019 1903 domi
1041 1837 1185 1921 bellique
1200 1841 1409 1916 impedissimu

213 1955 394 2030 republica
417 1951 470 2016 Or.
493 1950 575 2016 Oott.
598 1957 626 2016 b.
671 1956 758 2016 Sullo
779 1962 898 2016 mortuo
1001 1949 1099 2015 finem
1121 1950 1198 2015 mali
1222 1949 1410 2014 credebatis

214 2064 267 2129 Or.
290 2062 390 2127 Macr.
414 2068 443 2129 9.
488 2062 674 2148 Bithyniam
697 2068 861 2128 Nicomede
882 2074 1000 2129 mortuo
1030 2062 1193 2145 diripuere
1216 2062 1274 2145 Ep.
1297 2061 1408 2150 Misus,

215 2182 243 2242 9.
269 2180 408 2240 restituto
437 2174 553 2241 deinde
583 2174 670 2259 apud
693 2174 853 2241 Caberam
883 2181 1023 2240 exercitu
1053 2179 1086 2241 et
1114 2180 1211 2239 uariis
1240 2175 1326 2237 inter
1354 2195 1409 2238 me

215 2292 314 2370 atque
337 2287 508 2353 Lucullum
524 2292 656 2367 proeliis
677 2287 790 2371 inopia
813 2309 926 2353 rursus
942 2287 1055 2353 ambos
1073 2286 1207 2352 incessit
1220 2286 1279 2369 Ep.
1296 2285 1409 2350 Mithr.

218 2406 265 2466 15.
289 2405 399 2465 ceteris
431 2404 609 2479 expertibus
639 2399 700 2464 soli
727 2400 761 2464 in
787 2400 923 2484 imperio
952 2420 1050 2483 agere
1077 2398 1116 2464 11.
1138 2399 1162 2463 1.
1186 2405 1214 2464 9.
1239 2398 1331 2482 cujus
1352 2404 1409 2462 od-

215 2534 307 2577 uorsu
328 2518 482 2578 uotuutute
505 2510 675 2595 conloquio
698 2510 854 2577 militibus
883 2513 1042 2596 permisso
1069 2510 1235 2595 corruptio
1257 2510 1346 2577 facte
1367 2509 1409 2575 fr.

214 2625 239 2689 I.
265 2630 314 2690 57.
337 2629 435 2689 onidis
459 2630 558 2707 etque
579 2625 627 2688 ita
643 2629 798 2704 promptis
821 2628 949 2690 ducibus
970 2623 1009 2688 11.
1032 2623 1072 2688 11.
1099 2630 1146 2689 19.

302 2735 472 2820 Participii
492 2734 565 2801 loco
588 2736 787 2802 adhibentur
809 2735 1030 2802 substantiva:
1071 2715 1073 2719 ¹

304 2855 386 2913 decu:
417 2848 472 2932 qui
495 2848 606 2914 Aenea
629 2854 708 2914 duee
737 2848 868 2932 profugi
891 2847 1022 2914 sedibus
1049 2847 1182 2912 incertis
1204 2846 1411 2930 vagabantur

217 2961 382 3046 01101.

305 3079 430 3139 consul:
452 3073 486 3138 L.
511 3073 650 3139 Caesare
674 3073 711 3139 G.
725 3073 842 3157 Figulo
865 3072 1051 3139 consulibus
1066 3072 1135 3137 Cat.
1161 3071 1302 3156 l‘l‚1.cl.
1328 3076 1410 3157 18,2.

219 3192 302 3272 38η.
325 3186 378 3251 Or.
403 3184 504 3251 Maor.
530 3191 579 3252 10.
601 3186 684 3250 fr.I.
711 3191 737 3250 1.
760 3192 790 3252 8.

305 3298 423 3381 quibus
447 3302 629 3377 Juuoutibus
659 3302 828 3378 quibusque
854 3302 1003 3362 ministris
1030 3317 1070 3362 ea
1099 3297 1203 3380 egerit
1230 3296 1299 3378 Iug.
1324 3300 1372 3373 33,
1383 3336 1410 3379 4.

220 3416 288 3490 quis
318 3414 514 3489 adjutoribus
545 3431 655 3492 regem
687 3430 861 3493 aggressus
897 3409 1036 3494 impellit
1059 3409 1127 3492 lug.
1156 3414 1240 3494 803.
1270 3412 1411 3472 maximis

221 3528 348 3589 ducibus
369 3527 564 3601 streuuisque
584 3526 732 3587 ministris
754 3522 793 3587 11.
816 3522 881 3588 Ino.
907 3527 977 3587 102.

306 3633 493 3700 Particulse
515 3644 550 3698 ut
571 3633 622 3699 vel
643 3638 745 3711 sicuti,
769 3634 881 3699 confer
907 3638 991 3698 Caes.
1015 3634 1089 3700 bell.
1103 3633 1176 3717 gall.
1200 3638 1310 3718 3‚13,3.
1332 3631 1412 3695 laeti

220 3753 258 3813 ut
279 3748 449 3831 explorata
471 3746 615 3811 victorie.
646 3744 720 3810 bell.
750 3746 833 3811 civil.
857 3751 969 3833 2,13‚2.
1000 3751 1037 3811 ut
1065 3769 1101 3812 re
1125 3745 1273 3810 confecta
1300 3764 1410 3809 omnes

221 3880 332 3925 curam
356 3863 389 3924 et
410 3858 612 3941 diligentiam
628 3858 800 3924 remittunt
821 3863 881 3924 etc.
904 3858 943 3923 cf.
969 3858 1103 3924 Fischer
1124 3860 1142 3943 ξ
1165 3863 1205 3922 47
1229 3857 1317 3941 apud
1340 3855 1410 3920 Sal·

218 3972 351 4037 lustium
366 3992 431 4036 non
445 3970 659 4051 inveniuntur,
682 3970 803 4054 legitur
817 3976 907 4050 quusi
923 3991 987 4036 uno
1000 3970 1072 4035 loco
1084 3971 1152 4053 lug.
1171 3975 1241 4049 100,
1250 4010 1275 4054 3.
1299 3966 1411 4033 consul

222 4089 311 4164 quusi
334 4090 416 4148 uutto
438 4087 576 4163 imposito
599 4084 706 4148 omnia
727 4083 908 4167 providere.

307 4195 422 4278 Neque
452 4195 624 4261 Sallustius
653 4216 758 4279 neque
781 4194 902 4261 Caesar
932 4194 1035 4260 utitur
1066 4194 1209 4260 ablativo
1231 4198 1342 4272 nubilo,
1363 4212 1409 4256 se·

221 4329 298 4373 reue
321 4307 439 4372 omisso
467 4306 679 4388 substantivo,
714 4308 771 4391 qui
798 4307 919 4391 legitur
940 4306 1028 4392 apud
1050 4306 1176 4372 Livium
1206 4312 1304 4392 31,12.
1324 4310 1409 4389 297.

223 4420 263 4485 ci.
286 4417 421 4484 Fischer
442 4420 460 4505 ξ
482 4425 532 4484 47.
556 4425 661 4484 audito
684 4423 792 4484 exstat
812 4419 851 4484 11.
875 4419 912 4485 V.
935 4425 983 4484 11.
1006 4430 1159 4499 comperto
1180 4419 1218 4483 11.
1242 4420 1278 4482 i.
1303 4424 1350 4483 10.

308 4530 406 4594 Nullo
427 4531 499 4593 loeo
525 4529 659 4595 ablativi
681 4531 862 4613 praedicati
895 4533 1134 4615 conjunguntur
1165 4553 1238 4595 cnm
1260 4530 1410 4596 ablativis
