3134 5042
636 426 849 487 -51-

10 615 45 692 2:3³<-
119 613 242 679 misit?
275 615 338 698 Ep.
358 614 462 696 Pomp.
483 617 518 676 2.
567 609 632 674 vim
661 616 810 676 cunctam
840 616 872 674 et
902 609 1040 693 imperia
1073 631 1132 675 sua
1153 615 1259 690 pretio
1278 614 1336 676 aut

113 746 182 805 epe
204 732 275 792 aut
292 731 443 806 praemiis
464 726 501 789 in
521 745 581 790 vos
605 730 792 790 convertere
814 723 867 788 Or.
891 723 991 822 Maon.
1013 729 1041 787 5.

13 838 34 900 r.
216 844 351 904 taedio:
387 859 459 903 eum
480 838 578 903 modo
609 842 711 902 toedio
740 857 850 902 rerum
879 835 1091 901 adversarum
1121 835 1230 899 omnia
1250 834 1336 900 bello

9 975 28 1034 s·
109 950 269 1034 potiora
296 951 434 1017 duceret
451 952 521 1034 lug.
547 956 631 1036 629.

21 1088 31 1109 ν·
213 1064 410 1129 Praeterea
435 1063 559 1129 inveni:
597 1063 675 1148 quia
704 1067 810 1142 inopia
840 1062 947 1127 minus
975 1060 1090 1144 largiri
1116 1063 1249 1143 poterat
1267 1058 1336 1124 Cat.

9 1186 28 1243 ἐι
109 1180 171 1255 23,
184 1217 215 1262 3.
260 1198 310 1241 an
332 1180 496 1242 mobilitate
524 1176 633 1260 ingeni
662 1195 777 1259 paoem
802 1180 901 1258 atque
930 1174 1051 1240 bellum
1072 1177 1201 1238 mutare
1223 1170 1337 1236 solitus

107 1289 192 1372 Ing.
221 1295 320 1373 88,6.
352 1288 500 1372 proiecto
524 1287 767 1354 existumabunt
788 1308 838 1352 me
859 1287 964 1371 magis
991 1287 1108 1351 merito
1130 1304 1228 1367 quarn
1250 1288 1337 1363 iene—
1432 1355 1434 1357 .

9 1412 24 1471 n
110 1407 171 1466 via
212 1401 385 1485 iudicium
414 1402 513 1465 animi
542 1402 606 1465 mei
634 1400 812 1466 mutavisse
842 1400 911 1482 lug.
936 1405 966 1480 4,
977 1440 1002 1484 4.
1047 1419 1112 1482 qua
1139 1417 1204 1461 non
1233 1395 1338 1479 gloria

9 1524 32 1585 12·
113 1514 318 1579 movemini
344 1534 449 1596 neque
471 1514 596 1597 flagitio
620 1517 802 1596 cunctaque
820 1518 984 1592 praesenti
1006 1515 1132 1592 ipnnoio
1154 1508 1338 1573 mutavistis

14 1642 33 1699 ‘s
117 1626 179 1691 Or.
202 1626 321 1691 Macr.
338 1631 387 1692 26.
420 1625 479 1690 sed
500 1625 557 1692 ubi
579 1631 711 1691 senatus
735 1630 839 1690 delicti
859 1629 1046 1689 conscientie
1067 1621 1223 1706 populum
1244 1621 1339 1685 timet

9 1750 39 1836 pl:
119 1739 200 1822 lug.
218 1744 313 1825 27‚3.
336 1738 455 1803 mil'tes
478 1743 629 1818 relipione
650 1737 761 1821 pluvia
783 1737 887 1820 magis
908 1737 960 1801 usi
981 1736 1050 1820 lug.
1065 1741 1146 1819 75‚9.
1173 1734 1221 1798 ita
1243 1752 1338 1797 eune-

9 1883 45 1932 pp
120 1854 182 1914 tos
208 1857 352 1931 strepitu
375 1858 518 1927 clamore,
549 1849 638 1915 nullo
669 1849 879 1915 subveniente
900 1849 1022 1913 nostris
1050 1845 1258 1924 instantibus,
1292 1854 1338 1908 tu-

126 1970 235 2028 multu
255 1968 429 2044 formidine
451 1963 545 2046 quasi
575 1961 728 2026 vecordia
752 1965 885 2045 ceperat
912 1961 981 2044 lug.
1004 1966 1054 2039 99,
1064 2001 1089 2045 3.
1122 1957 1249 2041 vigilias
1268 1957 1338 2040 ipse

9 2093 46 2160 [pt
130 2075 328 2155 circumire,
357 2097 422 2139 non
449 2081 517 2139 tarn
540 2079 714 2155 diffidentia
749 2078 848 2139 utura
868 2093 951 2156 quae
973 2071 1208 2156 imperavisset,
1241 2089 1339 2153 quam

9 2207 49 2273 pp
129 2188 183 2251 uti
211 2187 378 2253 militibus
404 2192 605 2270 exaequatus
711 2185 807 2251 labor
830 2239 837 2255 .
858 2237 864 2249 .
889 2189 975 2250 esset
1004 2183 1073 2268 Iug.
1099 2189 1170 2263 100,
1179 2223 1204 2267 4.
1248 2202 1339 2246 nam-

9 2366 25 2409 ·3,
134 2320 201 2381 que
233 2299 297 2364 alii
323 2305 441 2378 fidene
462 2299 635 2382 gnaritatis
664 2299 811 2363 locorum
835 2297 997 2363 occultam
1027 2297 1139 2381 fugam
1168 2294 1275 2378 sparsi
1299 2293 1339 2359 fl

9 2444 53 2503 tro
134 2412 193 2477 ΠΙ.
227 2418 284 2478 68.
330 2413 482 2497 quoniam
513 2416 685 2491 defectione
715 2411 877 2477 sociorum
910 2415 943 2475 et
979 2409 1103 2475 Sertori
1131 2428 1191 2492 per
1220 2406 1339 2471 montis

133 2531 220 2605 suen
246 2545 354 2608 neque
374 2546 472 2590 manu
495 2529 622 2590 certare
643 2529 781 2608 possunt
802 2544 907 2607 neque
930 2522 1026 2587 utilia
1046 2541 1166 2606 parare
1189 2519 1243 2584 Or.
1255 2519 1339 2584 Cott.

9 2656 58 2733 pupi
140 2641 169 2701 6.
217 2657 363 2702 sermone
391 2635 556 2702 fautorum
583 2636 720 2702 similem
747 2636 818 2701 fore
850 2657 885 2701 se
917 2634 1053 2700 eredens
1085 2631 1270 2698 Alexandro
1299 2631 1339 2695 fr.

140 2748 198 2814 III.
224 2755 256 2814 7.
302 2769 386 2833 quae
411 2769 541 2815 comesa
569 2769 628 2814 ora
655 2749 822 2814 hominum
852 2747 955 2813 rietus
978 2753 1083 2811 dolore
1112 2744 1277 2811 contrahit
1299 2742 1339 2807 fr.

9 2882 58 2960 lau
140 2859 184 2925 Π·
209 2867 241 2927 2·

20 2995 55 3072 pp
232 2973 284 3038 Ex
306 2973 435 3056 passivo
462 2974 605 3058 pendent
631 2974 666 3039 hi
701 2973 858 3039 ablativi:
905 2973 1002 3037 iivel
1024 2980 1126 3036 aetate
1159 2970 1209 3035 rel
1241 2989 1340 3034 curae

39 3106 56 3175 p
144 3090 346 3152 similitudine
367 3090 478 3169 patres
504 3085 756 3169 appellabantur
780 3085 850 3150 Cat.
874 3091 936 3170 ⁶⁷6·
980 3104 1045 3147 non
1062 3087 1201 3162 penurie
1222 3081 1340 3147 libero·

145 3219 221 3263 rum
243 3199 278 3262 in
299 3218 434 3280 regnum
457 3196 649 3281 adoptatum
673 3217 746 3263 esse
777 3197 846 3279 lug.
871 3201 954 3282 222.
981 3201 1121 3275 penurie
1151 3215 1260 3259 rerum
1284 3214 1340 3257 ne·

20 3343 42 3397 ut
147 3310 367 3376 cessariarum
388 3309 511 3375 bellum
540 3309 628 3374 trabi
660 3329 726 3374 non
746 3329 843 3392 posse
864 3308 934 3392 lug.
956 3313 1037 3393 23,2.
1073 3306 1225 3391 quoniam
1250 3306 1340 3371 dedi·

145 3422 247 3486 tionis
269 3443 356 3486 neore
377 3421 528 3486 induciae
551 3421 763 3506 agitabantur
785 3421 854 3505 lug.
875 3426 925 3501 29,
934 3461 958 3506 4.
981 3426 1015 3486 et
1036 3424 1165 3485 saevitia
1183 3419 1340 3503 temporis

148 3538 182 3600 et
205 3540 413 3614 oportunitate
434 3533 498 3599 loci
519 3556 625 3619 neque
649 3535 722 3618 oapi
743 3554 849 3619 neque
867 3533 1010 3599 obsideri
1023 3537 1155 3617 poterat
1175 3532 1244 3615 lug.
1256 3538 1306 3611 37,
1313 3572 1339 3616 4.

147 3647 303 3729 planities
326 3646 456 3711 deserta
471 3652 608 3727 penurie
630 3667 736 3730 aquae
758 3648 827 3731 lug.
844 3653 929 3733 48‚4.
952 3652 986 3713 et
1007 3666 1111 3730 paene
1132 3649 1340 3724 inprudentia

10 3010 19 3074 l

14 3116 38 3187 tlt

151 3760 331 3824 admissum
360 3757 486 3825 facinus
520 3759 706 3826 miserabile
726 3760 796 3844 lug.
820 3765 902 3845 53,7.
945 3758 980 3824 id
1001 3758 1125 3823 facturn
1148 3757 1204 3822 alii
1234 3761 1340 3835 inopia

16 3898 42 3947 ,p
148 3869 311 3936 bonorum
339 3871 395 3936 alii
416 3893 477 3956 per
499 3871 709 3937 ambitionem
742 3872 883 3937 consulis
904 3869 1130 3936 memorabant
1157 3870 1226 3953 lug.
1250 3874 1301 3948 86,
1311 3873 1338 3933 3.

37 4055 40 4066 ἱ
149 3982 185 4046 id
208 3983 334 4048 facinus
365 3988 478 4048 contra
499 3985 552 4067 jus
578 3983 656 4049 belli
685 4005 749 4049 non
771 3989 903 4049 oruntio
924 4004 1029 4066 neque
1051 3988 1168 4047 scelere
1199 3980 1340 4047 consulis

9 4074 10 4081 ἵ
34 4124 35 4133 ¹
154 4094 331 4161 admissum
353 4095 425 4178 lug.
445 4101 529 4180 ibe.
572 4116 638 4159 non
657 4117 715 4161 sun
737 4101 863 4176 ipnooie
883 4095 941 4161 sed
963 4094 1005 4160 ob
1027 4116 1096 4159 rem
1119 4094 1284 4178 publicam
1306 4093 1340 4157 in

151 4205 292 4274 bostium
320 4211 484 4291 potestate
519 4207 669 4273 relietum
704 4207 746 4271 iri
773 4208 971 4293 Iug.112,3.
1024 4206 1170 4272 locorum
1205 4215 1341 4287 epestote

26 4370 34 4417 t
151 4325 246 4404 rapto
270 4320 377 4385 vivere
399 4319 506 4384 coacti
527 4319 567 4385 fr.
589 4319 645 4384 ΙΙΙ.
670 4324 720 4386 52.

26 4416 31 4432 u
236 4433 342 4497 Notae
372 4431 531 4497 formulae
563 4436 639 4497 sunt
670 4453 716 4497 eo.
746 4452 921 4511 eonon-eo
942 4431 998 4510 fit,
1026 4436 1141 4510 ut-eo,
1173 4431 1339 4515 quia-qno

152 4565 187 4606 re
208 4550 269 4611 eto,

1094 4650 1111 4701 4
1118 4648 1133 4682 *
