3134 5042
669 413 887 474 ...37-

259 600 441 675 praeditos:
476 594 536 677 qui
565 615 675 677 555555
703 601 833 676 imperio
866 597 1007 683 praediti
1037 598 1105 664 Cat.
1135 605 1232 687 5522.

259 714 373 787 plenos
395 706 545 773 omnibns
572 707 653 774 locis
683 708 891 794 conjunctum
912 714 962 775 est
984 731 1058 775 cum
1077 716 1225 791 peritiae:
1257 719 1371 795 (lapilli

176 820 246 904 155.
269 825 368 907 3522.
398 823 549 884 hominum
576 820 645 905 155.
675 827 759 907 452.
789 827 857 901 spei
887 822 1073 906 55555155.
1103 828 1173 904 113,
1181 866 1206 910 2.
1241 829 1370 890 hostiam

176 932 232 997 Or.
255 932 338 998 0555.
362 937 391 996 7.
414 931 584 998 Ablativus
618 932 738 1017 legitur
765 934 855 1016 apud
887 937 1062 999 Ciceronem
1092 935 1135 1000 ad
1162 934 1229 1000 An.
1258 941 1370 1023 3,22,2.

176 1044 270 1110 Verr.
307 1050 383 1131 522.
418 1066 468 1128 pr.
496 1044 577 1110 Sest
610 1049 659 1111 10.
712 1044 800 1129 apud
832 1049 995 1111 Caesarem
1029 1046 1104 1112 hell.
1138 1045 1220 1112 civil.
1261 1054 1368 1134 5222.

176 1157 266 1242 apud
287 1160 404 1221 licium
436 1163 512 1243 522.
543 1161 609 1243 522
633 1161 694 1222 555.
739 1155 779 1221 cf.
803 1157 950 1241 Draeger
972 1180 1004 1242 p.
1024 1164 1095 1225 559.

265 1276 418 1349 repletos:
442 1268 632 1353 subjunctus
655 1272 706 1334 est
727 1269 889 1335 ablativus
911 1269 951 1335 fr.
973 1270 1038 1334 Inc.
1065 1276 1115 1336 26.
1148 1270 1275 1355 repleta
1291 1293 1370 1338 arva

176 1384 354 1447 cultoribus.

264 1498 512 1558 Iusto-amentatis
533 1497 707 1577 praeterea
730 1493 764 1561 is.
779 1498 829 1558 est
845 1492 1016 1574 ablativus,
1040 1493 1095 1577 qui
1111 1494 1258 1579 seqnitur
1270 1495 1370 1561 verba

175 1611 317 1686 5555555
347 1609 516 1671 5515555νί
544 1610 577 1670 et
598 1604 795 1690 adjectivum
817 1612 932 1670 lectas:
966 1606 1054 1689 quod
1081 1605 1178 1673 homo
1208 1608 1313 1673 inanis
1337 1614 1370 1674 et

176 1717 288 1800 regiae
311 1716 484 1801 superbiae
506 1722 633 1797 imperio
655 1717 750 1782 nimis
772 1717 932 1801 gauderet
953 1717 1021 1801 155.
1045 1723 1125 1804 652.
1156 1741 1220 1803 555
1242 1719 1298 1785 ille
1318 1726 1369 1785 de-

176 1834 404 1895 honestamento
422 1829 568 1914 corporis
589 1828 777 1895 laetabatur
798 1828 836 1894 fr.
859 1829 883 1894 Ι.
908 1835 957 1895 55.
1003 1829 1083 1895 Aliis
1110 1830 1191 1896 locis
1222 1831 1370 1915 sequitur

177 1946 390 2007 accusativos:
413 1962 452 2006 55
474 1941 614 2025 populus
635 1940 754 2006 laetari
776 1946 810 2006 55
829 1942 946 2007 merito
968 1941 1077 2007 dicere
1089 1941 1161 2008 fieri
1185 1942 1254 2009 055.
1268 1949 1368 2029 5522.

176 2054 212 2120 id
232 2054 436 2120 imminutum
466 2052 553 2137 quod
583 2055 684 2118 ceteri
707 2058 813 2118 dolere
840 2053 946 2119 solent
968 2074 1027 2138 555
1052 2060 1151 2119 lactor
1171 2054 1241 2139 155.
1264 2060 1368 2141 1152.

175 2165 364 2232 laetandum
385 2166 489 2249 magis
511 2186 610 2250 quam
627 2164 800 2230 dolendum
823 2185 933 2232 casum
949 2171 1042 2232 tuum
1063 2166 1132 2250 155.
1157 2171 1254 2252 1522.
1275 2168 1370 2251 quasi

177 2278 290 2344 dolens
312 2279 382 2363 ejus
404 2298 515 2343 casum
537 2276 605 2343 055.
628 2283 714 2363 452.
757 2277 962 2362 Praepositio
986 2299 1050 2358 pro
1072 2283 1179 2344 exstat
1197 2279 1266 2362 155.
1292 2284 1368 2366 392.

177 2389 287 2455 dolere
309 2411 369 2475 pro
392 2389 496 2472 gloria
517 2388 643 2473 imperi.

266 2524 340 2567 eece
370 2506 479 2567 antem
508 2523 548 2566 ex
573 2500 746 2585 improviso
780 2499 958 2584 Iugurtha,
1001 2507 1198 2568 intolerando
1223 2508 1368 2581 eudocia,

175 2622 293 2681 scelere
322 2619 420 2698 55555
449 2617 596 2692 soperbia
624 2633 695 2678 sese
718 2619 861 2693 reserens
889 2614 1065 2699 155152.

262 2726 334 2792 Hoc
354 2727 425 2792 loco
448 2747 522 2791 mea
543 2723 675 2808 quidem
697 2725 859 2790 sententia
881 2726 1079 2792 nominanda
1109 2731 1185 2792 sunt
1207 2727 1369 2813 adjectiva

177 2845 289 2920 diones
309 2844 518 2918 allodiones.
562 2836 653 2903 Η555
671 2837 775 2903 habes
792 2837 956 2922 exempla:
979 2843 1109 2919 555555·
1131 2844 1276 2904 nwmorio
1298 2839 1367 2904 055.

177 2958 239 3037 52.
270 2951 348 3035 quid
372 2973 406 3015 sc
433 2950 565 3034 dignum
595 2948 682 3016 foret
710 2948 779 3015 055.
812 2955 895 3036 552.
929 2956 1007 3016 dooo
1036 2950 1104 3016 055.
1130 2956 1212 3037 552.
1235 2955 1368 3016 moritus

175 3068 328 3145 sectisque
357 3068 422 3130 sois
450 3064 519 3129 055.
543 3067 629 3148 552.
653 3072 682 3126 te
710 3066 811 3144 atque
842 3084 898 3126 ooo
926 3083 982 3126 suo
1012 3061 1186 3128 Masinissa
1213 3063 1281 3147 155.
1304 3070 1366 3149 52.

175 3197 268 3257 seque
297 3180 418 3256 illisque
440 3175 508 3257 155.
526 3179 611 3259 2122.
639 3178 789 3253 ampliore
811 3173 878 3257 155.
903 3177 985 3259 652.
1007 3195 1114 3254 meque
1136 3175 1367 3258 5555555155.

179 3294 281 3374 1152.
309 3293 429 3353 nomine
454 3287 507 3352 Or.
534 3285 616 3352 Phil.
639 3290 668 3351 8.

261 3405 424 3481 55555555·
448 3404 500 3464 illo
515 3404 632 3464 honore
652 3396 721 3480 155.
743 3402 793 3477 65
802 3437 825 3483 2.
848 3417 885 3461 re
899 3401 1028 3477 publico
1043 3396 1096 3463 Or.
1112 3396 1193 3463 Phil.
1210 3403 1239 3464 5.
1284 3403 1365 3463 vobis

176 3518 321 3594 nobisque
343 3522 373 3576 55
393 3532 429 3576 rc
445 3514 574 3591 publico
594 3509 648 3575 Or.
671 3508 755 3575 0555.
780 3515 810 3576 8.
855 3513 991 3576 Romano
1012 3514 1140 3591 imperio
1162 3509 1201 3575 fr.
1219 3510 1259 3576 Π.
1282 3515 1364 3596 252.

179 3630 357 3704 Generosos,
396 3645 492 3707 quem
521 3623 577 3688 alii
605 3622 781 3707 scriptores
814 3621 978 3689 interdum
1007 3644 1080 3689 oum
1111 3622 1162 3688 his
1196 3621 1365 3708 adjectivis

176 3738 375 3822 conjungunt
395 3736 484 3801 nullo
505 3736 577 3802 loeo
597 3735 768 3801 invenitur.

260 3849 338 3914 Veri
365 3848 469 3914 simile
498 3853 548 3915 est
570 3847 759 3913 Sallustium
789 3847 838 3912 uti
861 3846 1033 3913 Gaesarem
1064 3845 1103 3911 of.
1124 3845 1260 3912 Fischer
1281 3849 1299 3933 §
1323 3853 1362 3913 29

174 3961 309 4027 verbnm
331 3967 486 4039 confidere
506 3960 701 4045 conjungere
723 3980 795 4025 cnm
823 3958 965 4026 ablativo
987 3959 1209 4039 instrumenti,
1233 3958 1291 4024 ubi
1312 3981 1363 4023 res

174 4074 396 4152 nominantur,
424 4072 480 4136 ubi
506 4092 665 4151 personne
687 4092 760 4136 cum
785 4075 894 4136 dotioo.
939 4070 989 4134 Ex
1012 4070 1177 4154 exemplis,
1208 4091 1293 4154 quae
1314 4071 1361 4135 in-

174 4186 247 4252 veni
268 4185 410 4251 discerni
430 4205 495 4249 non
514 4188 639 4267 potest:
661 4187 709 4247 his
731 4187 837 4248 amicis
858 4186 1011 4262 sociisque
1033 4181 1173 4248 confisus
1197 4182 1361 4268 055152.

175 4305 223 4365 nis
245 4301 462 4363 immortalibus
493 4292 605 4361 confisi
635 4293 704 4361 055.
728 4299 825 4381 5522.
853 4298 960 4374 opibus
982 4294 1136 4379 5555155.
1160 4300 1242 4381 852.
1271 4295 1362 4360 Dati-

174 4437 233 4480 vus
258 4413 366 4477 exstat
384 4409 453 4490 155.
478 4413 549 4488 112,
562 4449 586 4494 2.
610 4406 667 4473 sed
685 4411 788 4473 Morio
809 4428 926 4490 parum
947 4406 1058 4472 fidere.

261 4527 405 4605 diffidere
427 4541 554 4604 semper
575 4525 694 4586 5551555
717 4518 908 4605 subjunctus
930 4524 996 4585 est:
1018 4517 1178 4586 diffidenti
1191 4523 1283 4586 reone
1297 4524 1361 4583 sois
