3134 5042
711 367 905 427 ..6.-

299 554 429 613 cedere:
453 549 509 632 qni
531 549 624 633 signa
635 549 820 635 relinquere
834 558 892 618 aut
909 553 995 637 pulei
1011 561 1076 620 toro
1099 555 1215 621 cedere
1235 556 1307 621 anei
1325 562 1407 623 sunt

213 657 283 723 (lat
306 664 361 744 9,4.

297 791 435 838 66666666
455 782 566 839 senatu
585 772 654 840 (lat.
677 779 754 861 23,1.
799 775 1003 862 Praepositio
1025 801 1046 844 a
1068 785 1176 857 exstat
1197 779 1236 845 fr.
1258 780 1282 845 1.
1306 786 1354 847 15.
1379 803 1402 846 6

213 903 285 949 tero
306 905 444 951 movere.

291 1003 430 1077 pellere:
450 1002 575 1065 sedibus
594 999 663 1083 Ing.
687 1005 764 1086 41‚3.
799 1001 974 1083 6666161.
999 1010 1027 1071 9.
1068 1008 1157 1085 apris
1179 1004 1203 1069 1.
1216 1010 1267 1070 46.
1306 1011 1401 1070 domi·

212 1114 338 1175 notione
359 1109 412 1175 Or.
436 1109 536 1175 Maer.
562 1116 590 1177 3.

297 1228 420 1287 levore:
446 1227 581 1289 sarcinis
600 1223 669 1307 Ing.
694 1228 759 1310 75„
789 1224 829 1290 61.
861 1226 925 1292 Cio.
968 1226 1079 1293 levare
1111 1227 1330 1312 aegritudine,
1356 1230 1402 1294 mi

212 1332 315 1413 seriis,
338 1353 414 1399 aere
436 1333 551 1400 alieno.
596 1334 636 1400 61.
658 1335 807 1421 Draeger
827 1359 859 1423 p.
883 1343 955 1405 502.

297 1445 341 1511 At
363 1445 487 1525 „unde“
510 1446 744 1531 quaerentibus
759 1450 951 1534 responderi
974 1451 1082 1536 potnit
1104 1451 1402 1538 praepositionibus

212 1577 242 1636 a,
262 1556 312 1637 de,
335 1577 384 1622 ex.
429 1559 500 1639 Quo
521 1558 568 1639 fit,
597 1563 636 1625 ut
656 1558 766 1639 verba,
798 1561 916 1645 quibus
938 1563 1105 1647 praefixae
1127 1569 1204 1629 6661
1222 1564 1285 1630 hae
1306 1585 1402 1648 prae-

211 1668 398 1751 positiones,
428 1674 462 1735 et
491 1675 665 1756 praeterea
688 1671 810 1738 similes
830 1674 993 1757 quaedam
1015 1676 1254 1761 conjungantur
1273 1682 1307 1742 et
1328 1697 1403 1742 oum

211 1778 355 1847 ablativo
377 1781 446 1848 solo
466 1787 500 1849 et
519 1804 593 1849 eum
614 1784 856 1869 praepositione
870 1786 1022 1870 quadam.
1055 1787 1213 1872 Exempla
1230 1788 1400 1872 congessi:

296 1893 333 1959 A.
378 1893 488 1960 Verba
508 1895 682 1962 transitiva
701 1897 875 1982 conjuncta
895 1920 969 1965 eum
992 1898 1062 1965 solo
1085 1899 1246 1966 ablativo:

297 2010 472 2073 absolvere:
495 2028 575 2073 eura
595 2007 749 2075 familiari
770 2014 839 2076 tam
861 2031 965 2095 parva
986 2033 1039 2078 res
1064 2011 1117 2077 Or.
1140 2011 1241 2077 Maor.
1265 2019 1313 2080 19.

297 2123 468 2186 obstinere:
503 2141 586 2204 quos
619 2120 750 2205 ignavia
785 2128 844 2189 aut
877 2144 981 2207 prava
1014 2123 1176 2190 calliditas
1212 2131 1307 2190 armis
1343 2125 1401 2191 ab·

211 2230 327 2296 stinuit
352 2231 411 2316 Ep.
442 2231 553 2298 Mithr.
586 2237 635 2298 12.
685 2234 893 2300 intransitive
921 2236 1065 2321 positum
1095 2240 1161 2301 est:
1196 2237 1274 2321 quia
1304 2243 1400 2319 terpis

211 2341 395 2409 abstinetur
424 2344 478 2410 Or.
509 2344 608 2411 Maor.
647 2350 698 2412 26.
746 2367 854 2431 neque
878 2354 968 2427 fecto
998 2347 1065 2413 ullo
1096 2368 1202 2432 neque
1233 2354 1315 2415 dieto
1343 2348 1401 2415 ab·

211 2454 332 2521 stinere
359 2455 427 2540 Iug.
459 2463 534 2543 bip.
589 2457 701 2524 Oioero
732 2464 765 2524 et
793 2458 903 2524 Livius
932 2459 1096 2526 interdum
1116 2465 1242 2544 ponunt
1261 2482 1400 2545 praepo·

212 2567 362 2633 sitionem
383 2590 404 2633 a
426 2567 466 2633 61.
488 2569 641 2637 Kiihnast
661 2593 693 2655 6.
719 2576 790 2637 166.

298 2685 477 2747 deterrere:
493 2686 616 2763 proelio
637 2683 705 2766 lug.
721 2689 798 2770 98„.
843 2683 1046 2768 Praepositio
1068 2689 1107 2751 ab
1119 2689 1229 2751 exstat
1241 2684 1309 2768 Iug.
1334 2690 1399 2770 50„

214 2791 242 2856 si
265 2794 303 2857 ab
325 2794 550 2876 persequendo
572 2793 676 2860 hostis
698 2794 864 2860 deterrere
876 2796 1098 2879 nequiverant.
1130 2796 1249 2877 Livius,
1272 2796 1401 2878 Caesar,

210 2903 324 2970 Cicero
344 2908 482 2970 utuntur
494 2908 736 2991 praepositione
750 2928 779 2988 a,
800 2928 961 2991 nusquam
983 2915 1022 2974 de
1043 2908 1082 2974 61.
1101 2908 1254 2974 Kiihnast
1274 2931 1305 2992 p.
1330 2914 1399 2974 166.

297 3022 484 3084 deturbare:
506 3024 661 3086 moenibus
684 3019 776 3085 16.Π.
799 3027 849 3087 75.
883 3021 979 3104 Apud
993 3021 1180 3087 Ciceronem
1194 3021 1401 3086 inveniuntur

210 3131 468 3217 praepositiones
491 3131 532 3198 de
555 3138 660 3216 etex,
684 3132 773 3218 apud
786 3133 959 3200 Gaesarem
982 3133 1024 3200 de
1044 3134 1096 3200 vel
1117 3134 1289 3214 ablativus,
1313 3133 1400 3219 apud

210 3245 337 3312 Livium
358 3268 399 3312 ex
421 3246 461 3312 61.
479 3246 631 3333 Κ6166661
651 3271 682 3334 6.
708 3254 780 3316 168.

297 3367 478 3441 effundere:
514 3361 570 3427 alii
606 3362 720 3446 volgus
750 3361 889 3428 effusum
918 3367 1030 3442 oppido
1059 3362 1196 3428 caedere
1223 3362 1292 3445 Ing.
1324 3369 1398 3448 696.

210 3472 320 3538 Livius
343 3477 377 3538 et
388 3473 501 3538 Cicero
523 3473 682 3539 adhibent
702 3476 980 3558 praepositionem
1005 3496 1045 3539 ex
1068 3479 1198 3541 61661
1221 3475 1400 3541 ablativum

210 3585 315 3651 solum
337 3585 376 3651 61.
399 3583 551 3651 Kiihnast
571 3609 602 3672 p.
628 3591 698 3653 169.

296 3703 448 3764 emittere:
475 3720 550 3764 nam
576 3699 751 3783 plerosque
779 3699 890 3784 jacula
911 3704 1068 3764 tormentis
1091 3705 1150 3764 661
1169 3721 1262 3764 meaa
1282 3702 1400 3766 emisse

209 3809 423 3877 volnerabant
444 3811 512 3895 lug.
537 3818 603 3898 57„
624 3812 736 3877 Cicero
759 3811 936 3895 oongungit
958 3833 1032 3876 oum
1052 3812 1115 3877 hoo
1138 3811 1238 3878 verbo
1260 3834 1399 3897 praepo·

209 3923 358 3989 sitionem
380 3945 420 3989 ex
440 3928 474 3989 et
495 3924 544 4005 de,
567 3924 676 3989 Livius
700 3923 741 3989 de
765 3944 806 3989 ex
829 3928 862 3988 et
883 3923 988 3989 solum
1010 3923 1198 4005 ablativum,
1223 3925 1344 3991 Caesar
1366 3931 1400 3991 et

208 4036 483 4121 praepositionem
507 4041 540 4102 61
560 4035 739 4102 ablativum
762 4035 802 4102 61.
825 4035 977 4101 Κ666661
996 4059 1027 4120 p.
1054 4043 1125 4104 169.

296 4154 429 4228 ejicere:
447 4152 562 4226 661666
582 4150 706 4236 ejectus
722 4171 794 4216 sum
807 4150 876 4233 Ing.
901 4154 966 4234 14„
989 4155 1111 4215 civitate
1126 4150 1232 4234 ejecta
1250 4149 1289 4214 16.
1301 4150 1326 4214 Ι.
1349 4155 1399 4215 46.

209 4260 412 4345 Praepositio
435 4281 475 4325 ex
503 4262 668 4328 invenitur
688 4262 757 4345 lug.
783 4267 864 4347 14„0
894 4262 997 4348 pestis
1020 4284 1060 4327 ea
1079 4261 1191 4327 Africa
1214 4263 1319 4346 eJeota
1340 4270 1397 4327 661.

208 4375 258 4440 De
278 4373 379 4453 Livio,
401 4372 474 4439 aliis
494 4373 534 4439 61.
556 4373 707 4439 Kiihnast
725 4396 757 4457 p.
783 4380 853 4440 169.

297 4492 472 4565 expellere:
491 4484 604 4569 plebes
626 4491 714 4567 apris
734 4486 871 4570 expulsa
893 4487 946 4550 Or.
968 4485 1046 4569 Lep.
1069 4491 1119 4550 24.
1142 4492 1398 4567 reqnofortuais-
1444 4496 1446 4502 “
