3134 5042
670 372 881 432 ..89-

176 556 357 621 accendere
380 560 444 620 est:
465 556 606 620 Marium
626 556 838 635 inflammare,
868 561 906 621 ut
934 576 1059 620 summa
1087 575 1147 639 ope
1171 555 1305 637 nitatur,
1328 561 1365 621 ut

159 668 270 757 (illurn
290 669 455 748 honorem,
478 689 575 751 quem
597 667 730 733 affectat
751 668 962 752 adipiscatur.

267 786 330 844 Pro
351 780 461 845 multis
492 780 572 845 locis
601 779 772 863 significat,
802 800 886 863 quae
916 779 1050 844 alterius
1071 777 1128 861 lrei
1157 778 1200 843 ad
1229 778 1367 843 alteram

180 893 307 958 relatae
330 893 414 957 ratio
437 892 489 972 sit,
515 914 584 957 rem
607 891 750 975 aliquam
774 913 847 976 cum
873 891 984 975 aliqua
1007 890 1178 956 convenire
1200 890 1294 974 eique
1316 913 1366 956 re-

178 1004 349 1089 spondere.
393 1004 460 1069 Nos
482 1005 637 1070 vertimus
658 1005 725 1085 „Im
746 1003 935 1070 Verh‘altnis
956 1025 1005 1083 zu,
1028 1005 1187 1086 gemiss‘:
1209 1002 1304 1068 nobis
1327 1024 1367 1067 ea

177 1138 233 1182 res
249 1139 312 1197 pro
332 1122 543 1197 mupuitodtoe
565 1117 622 1201 (im
644 1115 831 1181 Verh'altnis
852 1137 893 1180 zu
913 1115 1003 1180 ihrer
1024 1114 1228 1198 Bedeutung)
1250 1135 1367 1198 parum

180 1234 351 1312 comperta
375 1234 424 1294 est
445 1228 512 1294 Cat.
537 1234 587 1307 22,
598 1270 623 1314 3.
668 1228 717 1293 uti
733 1249 797 1306 pro
827 1237 962 1307 tempore
985 1232 1084 1310 atque
1107 1231 1251 1307 periculo
1276 1246 1366 1291 exer·

177 1341 280 1406 citum
304 1345 534 1424 compararent
556 1340 628 1425 (wie
651 1360 685 1404 es
701 1340 772 1404 Zeit
793 1339 859 1404 und
868 1337 992 1404 Gefahr
1012 1338 1184 1421 zuliessen)
1207 1337 1366 1424 Cat.30,5.

176 1453 214 1518 in
248 1457 357 1517 cetera
388 1452 565 1536 municipia
594 1451 868 1517 distribuerentur
903 1472 966 1530 pro
999 1452 1155 1535 cujusque
1185 1454 1292 1528 opibus
1321 1451 1367 1534 (je

177 1565 264 1630 nach
285 1564 343 1630 der
362 1564 530 1655 einzelnen
545 1563 665 1649 Mittel)
688 1563 756 1629 Cat.
775 1569 825 1644 30,
834 1605 857 1650 ἵ.
889 1562 1056 1648 publicam
1076 1563 1268 1628 miserorum
1291 1582 1367 1627 cau·

178 1698 250 1742 sam
275 1698 338 1757 pro
369 1697 437 1741 mco
465 1681 684 1742 consuetudine
711 1676 839 1760 suscepi
869 1675 937 1741 Cat.
964 1680 1014 1755 35,
1021 1717 1046 1761 3.
1101 1675 1182 1740 satis
1213 1674 1368 1739 honestas

172 1810 238 1869 pro
259 1810 323 1854 meo
345 1809 421 1853 cosa
444 1787 510 1871 (fur
531 1788 636 1852 moine
658 1787 895 1873 Verh'altnisse)
924 1808 998 1872 spes
1026 1786 1171 1869 reliquae
1201 1785 1368 1870 dignitatis

180 1900 422 1965 conservandae
444 1921 514 1964 sum
538 1905 668 1965 secutus
691 1899 760 1966 Cat.
773 1905 823 1980 35,
832 1941 856 1986 4·
893 1900 921 1964 si
943 1899 1042 1983 digna
1062 1919 1168 1983 poena
1184 1920 1247 1979 pro
1270 1897 1367 1962 factis

178 2033 292 2078 eorum
313 2013 480 2096 reperitur
501 2014 606 2096 (wenn
628 2012 698 2076 eine
722 2011 967 2077 imVerhaltnis
989 2033 1029 2077 zu
1051 2011 1140 2077 ihrer
1163 2010 1248 2075 That
1270 2030 1367 2092 ange-

179 2146 327 2190 messeue
350 2124 458 2189 Strafe
482 2122 638 2189 erfunden
659 2124 753 2207 wind)
777 2124 845 2190 Cat.
865 2129 947 2209 51,3.
993 2122 1143 2189 cohortes
1158 2144 1222 2202 pro
1243 2142 1369 2185 numero

181 2236 322 2302 militum
342 2235 482 2319 complet
499 2236 567 2301 Cat.
584 2241 668 2321 56,1.
691 2235 805 2320 (soviel
828 2236 880 2302 die
895 2236 977 2301 Zahl
997 2236 1103 2302 seiner
1117 2234 1271 2300 Soldaten
1292 2232 1367 2297 her·

177 2348 269 2434 gab.)
292 2350 362 2433 ipse
384 2347 483 2432 pedes
500 2349 677 2413 exercitum
692 2369 756 2428 pro
771 2354 836 2412 loco
855 2352 953 2432 atque
974 2353 1070 2427 copiis
1089 2345 1224 2411 instruit
1245 2347 1294 2430 (so
1310 2350 1368 2427 gut

179 2481 215 2525 es
238 2462 298 2525 Ort
328 2460 396 2525 und
420 2459 572 2544 Truppen
601 2460 812 2543 gestatteten)
841 2460 909 2525 Cat.
934 2466 1016 2545 59,1.
1067 2457 1128 2524 tibi
1159 2457 1290 2541 quidem
1304 2477 1367 2535 pro

178 2583 287 2637 nostru
308 2578 443 2637 amicitia
464 2571 611 2655 gratulor
633 2571 700 2656 (bei
717 2572 775 2637 der
790 2577 886 2637 unter
907 2594 968 2638 uns
988 2570 1209 2638 bestehenden
1222 2568 1367 2634 Freund-

179 2684 300 2769 schaft)
322 2684 462 2771 Iug.9,2.
499 2690 609 2750 tamen
625 2706 688 2765 pro
709 2695 844 2765 tempore
864 2685 1003 2768 benigne
1025 2683 1193 2769 respoudit
1215 2683 1287 2768 (der
1297 2683 1369 2747 Zeit

146 2804 150 2809 ’
180 2780 321 2881 gemass)
350 2797 418 2880 Iug.
443 2801 526 2882 ll,1.
565 2796 682 2880 quibus
705 2818 769 2877 pro
793 2803 1004 2878 mephitadr'nc
1032 2797 1149 2881 imperi
1174 2800 1228 2881 jus
1260 2800 1293 2860 et
1319 2795 1367 2858 in-

175 2908 280 2992 jurias
303 2909 405 2973 omnis
429 2929 527 2973 curae
544 2929 615 2976 esse
632 2908 727 2974 decet
750 2909 818 2995 (bei
841 2910 899 2975 der
913 2910 1033 2974 Gr'dsse
1056 2908 1113 2973 des
1124 2907 1276 2990 Reiches)
1298 2907 1366 2989 lug.

183 3024 281 3106 14,15.
316 3020 503 3103 singulatim
528 3026 586 3086 aut
601 3042 665 3100 pro
685 3027 897 3101 nequitatiae
920 3042 1034 3105 parem
1056 3021 1215 3087 disserere
1238 3019 1311 3104 (wie
1333 3039 1368 3083 es

181 3132 233 3198 die
255 3132 468 3216 Wichtigkeit
490 3133 548 3198 der
571 3132 675 3200 Saohe
701 3132 876 3217 erfordert)
903 3133 972 3217 lug.
996 3138 1079 3217 42,4.
1123 3138 1289 3217 postremo
1305 3152 1369 3211 pro

181 3248 336 3333 cujusque
358 3250 482 3328 topacio
506 3246 688 3332 pollicendo
714 3245 893 3311 minitando
986 3245 1086 3310 alium
1108 3245 1172 3311 alio
1194 3244 1290 3311 modo
1313 3266 1368 3310 cx-

181 3364 283 3428 citare
306 3361 352 3446 (je
374 3360 458 3425 nach
474 3360 547 3425 dem
564 3358 745 3425 Charakter
766 3359 854 3425 eines
872 3357 983 3443 jadon)
1005 3359 1074 3442 lug.
1088 3365 1140 3439 49,
1149 3400 1174 3444 4.
1203 3380 1243 3424 ac
1263 3381 1369 3445 pauca

174 3497 238 3556 pro
262 3485 397 3554 tempore
417 3473 538 3538 milites
559 3473 710 3539 hortatus
731 3472 800 3555 Ing.
824 3478 874 3552 49,
884 3514 908 3559 5.
952 3471 1022 3556 ipse
1038 3494 1101 3553 pro
1123 3494 1160 3538 re
1182 3477 1281 3558 atque
1303 3481 1369 3539 loco

182 3586 391 3672 ..paulatim
414 3583 601 3669 procedere,
624 3585 696 3669 (wie
719 3605 753 3649 es
777 3585 865 3650 scine
883 3584 972 3669 Lage
994 3585 1061 3650 und
1084 3585 1142 3650 der
1165 3585 1225 3650 Ort
1247 3590 1369 3669 gestat-

179 3700 261 3783 tete)
283 3698 351 3782 Iug.
372 3703 453 3784 50,2.
496 3696 647 3763 Metellus
664 3718 728 3778 pro
749 3706 884 3776 tempore
905 3702 1004 3782 atque
1035 3704 1099 3763 loco
1120 3697 1247 3781 paratis
1270 3697 1368 3763 rebus

180 3811 248 3893 Iug.
272 3816 354 3895 57,2.
400 3809 538 3875 Romani
554 3829 617 3888 pro
639 3814 763 3890 tapecia
786 3809 933 3893 quisque,
960 3831 1038 3895 pars
1066 3810 1190 3875 eminus
1286 3830 1368 3893 pug-

181 3943 260 3987 nare
284 3921 339 3986 alii
362 3910 536 3987 shccedere
557 3921 625 4004 lug.
650 3927 734 4006 57,4.
779 3920 842 3986 sibi
865 3923 1002 4006 quisquc
1017 3942 1078 4001 pro
1097 3920 1231 3986 moribus
1254 3942 1367 3986 consu·

178 4032 250 4098 lunt
270 4033 339 4117 lug.
363 4039 445 4119 58‚2.
489 4032 649 4098 Numidae
684 4032 725 4096 ab
756 4033 915 4116 Iugurtha
932 4054 995 4112 pro
1027 4044 1162 4112 tempore
1188 4035 1297 4118 parati
1319 4034 1368 4097 in·

181 4145 362 4227 structique
392 4145 460 4228 lug.
485 4150 565 4230 74,2.
610 4144 688 4227 quia
719 4143 835 4226 singuli
860 4166 924 4223 pro
955 4150 1061 4224 opibus
1089 4145 1235 4228 quisque,
1269 4165 1367 4228 quam

181 4257 338 4341 plurimas
360 4277 478 4322 uxores
503 4306 529 4320 ..
552 4256 676 4321 habent
696 4255 764 4338 Iug.
789 4262 875 4342 80,6.
919 4261 1030 4321 tamen
1047 4278 1110 4335 pro
1133 4258 1181 4321 rei
1203 4262 1293 4336 copia
1316 4278 1398 4341 sa,

69 4387 77 4401 ·
181 4371 225 4434 tis
246 4368 456 4452 providenter
479 4373 616 4433 exornat
644 4367 712 4450 lug.
736 4372 819 4452 90,1.
858 4388 920 4446 pro
946 4377 1080 4447 tempore
1100 4369 1279 4434 instructae
1302 4374 1368 4433 sta-

182 4481 287 4546 tiones
307 4481 347 4545 fr.
371 4479 436 4544 Inc.
460 4485 510 4544 43.
