3134 5042
637 382 850 442 ..79-

145 585 185 630 ex
208 587 274 649 quo
306 566 354 631 illi
383 566 487 649 gloria
516 587 659 649 opesque
688 567 838 631 inventae
870 566 937 650 lug.
963 573 1048 653 70‚2.
1092 569 1173 633 talia
1203 569 1337 634 consilia

144 700 204 761 per
226 679 331 743 otium
354 684 387 743 et
409 700 450 743 ex
472 681 716 763 opportunitate
748 681 822 763 oapi
846 684 927 764 76η.
977 701 1047 744 sese
1070 680 1274 746 consulatum
1297 702 1337 746 ex

143 790 239 856 victis
261 789 327 855 illis
349 791 453 874 spolia
475 792 599 875 cepisse
621 797 705 877 84η.
750 790 870 874 quibus
892 792 941 857 uti
971 792 1051 856 mihi
1073 813 1114 857 ex
1136 794 1256 858 virtuto
1279 815 1336 858 nc·

143 902 257 968 bilitas
280 903 512 988 coepit85,17.
556 902 644 987 quod
677 924 718 968 ex
740 903 848 969 aliena
875 904 995 968 virtute
1017 904 1083 969 sibi
1103 910 1273 987 arrogant,
1302 905 1337 969 id

144 1013 224 1079 mihi
247 1035 290 1080 ex
312 1035 385 1080 mea
405 1035 470 1080 non
493 1014 674 1080 concedunt
694 1021 794 1101 85‚25.
831 1016 933 1080 omnis
956 1016 1100 1081 honores
1121 1037 1183 1081 non
1209 1037 1250 1081 ex
1270 1038 1336 1082 me·

142 1127 208 1191 rito
232 1128 291 1193 sed
316 1128 408 1210 quasi
433 1126 561 1193 debitos
654 1128 774 1212 repetit
796 1134 896 1214 85‚37.
939 1148 1046 1210 neque
1078 1149 1274 1211 quemquam
1295 1149 1336 1193 ex

143 1238 335 1322 calamitate
348 1239 484 1305 aliorum
498 1244 555 1305 aut
564 1240 798 1323 imperatorum
813 1239 969 1324 superbia
985 1248 1091 1305 metus
1103 1241 1227 1324 ceperit
1238 1245 1335 1325 85,st

144 1350 285 1433 gloriam
307 1372 347 1415 ex
369 1350 465 1435 culpa
493 1352 615 1417 invenit
644 1352 712 1434 lug.
735 1358 819 1436 94‚7.
864 1353 1017 1434 quoniam
1049 1374 1089 1418 ex
1113 1353 1238 1435 rapinis
1260 1371 1334 1416 con·

143 1464 290 1528 sulatum
384 1463 522 1546 adeptus
542 1468 593 1529 est
614 1464 667 1529 Or.
689 1463 770 1527 Phil.
793 1470 822 1528 4.
870 1484 910 1527 ex
932 1484 998 1547 qua
1021 1485 1132 1529 omncs
1154 1463 1335 1529 discordiae

144 1595 305 1640 accensae
328 1576 381 1641 Or.
402 1576 483 1640 Phil.
503 1582 551 1641 14.
595 1582 706 1641 cetera
727 1596 768 1641 ex
790 1575 922 1640 licentia
944 1580 1002 1640 aut
1024 1576 1098 1641 odio
1121 1582 1179 1642 ant
1197 1576 1336 1641 avaritia

143 1688 176 1750 in
199 1693 331 1772 tempus
363 1709 472 1753 arsere
500 1688 553 1753 Or.
577 1689 677 1754 Macr.
703 1693 750 1752 12.
796 1687 1014 1770 frumentique
1042 1709 1083 1753 ex
1114 1689 1225 1772 inopia
1246 1688 1336 1770 gravi

144 1799 248 1864 satias
271 1799 360 1865 facta
381 1800 419 1865 fr.
442 1801 481 1865 ll.
505 1806 555 1866 29.
598 1807 705 1866 terror
731 1798 881 1865 hostibus
910 1820 950 1864 ex
978 1799 1098 1865 fiducia
1127 1801 1177 1865 sui
1204 1800 1337 1864 incessit

143 1909 182 1974 fr.
202 1912 243 1976 11.
268 1917 319 1977 60.
364 1933 404 1977 ex
425 1912 599 1976 insolentia
619 1911 733 1976 avidus
755 1912 840 1976 male
862 1912 1005 1976 faciundi
1027 1912 1066 1976 fr.
1087 1912 1152 1976 Ino.
1175 1916 1224 1976 77.

231 2024 424 2090 Praeterea:
449 2031 484 2089 at
498 2022 644 2109 objectat
655 2023 734 2088 mihi
749 2023 973 2107 possessiones
996 2044 1036 2087 ex
1056 2022 1151 2088 bonis
1172 2024 1335 2107 proscrip-

142 2139 256 2201 torum
279 2136 332 2201 Or.
354 2137 431 2219 Lep.
457 2142 505 2201 18.
544 2157 649 2219 neque
669 2135 740 2220 pati
762 2135 931 2201 consilium
954 2140 1004 2200 est
1027 2134 1128 2199 ullam
1149 2155 1189 2198 ex
1212 2134 1335 2200 civibus

143 2247 304 2331 praedam
318 2269 389 2312 esse
412 2248 465 2313 Or.
474 2248 551 2332 Lep.
561 2253 609 2313 18.
640 2268 742 2331 regna
755 2248 939 2331 provincias
954 2267 1154 2331 occupavere
1171 2253 1204 2312 et
1226 2268 1335 2314 arcem

144 2358 331 2425 habentor
354 2359 465 2443 spoliis
486 2361 602 2426 vestris
619 2361 671 2426 Or.
695 2361 796 2425 Maon.
817 2366 898 2424 6.-
926 2365 1057 2424 senator
1079 2380 1118 2424 ex
1142 2361 1335 2443 proscriptis

144 2469 183 2536 fr.
206 2472 265 2537 III.
284 2478 313 2538 4.
343 2472 505 2556 significat
527 2494 696 2538 numerum
718 2493 759 2537 ex
779 2492 843 2555 quo
874 2471 951 2555 quid
974 2476 1137 2554 sumptum
1165 2478 1214 2536 cst
1234 2472 1336 2537 ueluti

145 2582 215 2649 Oat.
241 2589 324 2670 28,4.
358 2584 477 2668 quibus
498 2584 599 2650 libido
623 2591 656 2650 et
676 2584 807 2650 luxuria
829 2605 869 2649 ex
892 2584 1017 2667 magnis
1038 2584 1163 2667 rapinis
1182 2583 1263 2648 nihil
1284 2604 1335 2648 re·

144 2693 230 2779 liqui
249 2695 405 2762 fecerant.

234 2807 447 2874 Mutationem
469 2809 600 2892 pristini
625 2814 730 2875 status
756 2813 790 2873 et
809 2809 982 2874 transitum
999 2830 1039 2873 ex
1056 2808 1166 2892 aliquo
1187 2809 1221 2873 in
1236 2809 1335 2873 alium

146 2940 345 3003 quemquam
368 2921 493 2986 indicat
513 2922 713 3005 praepositio
737 2943 778 2986 ex
799 2922 972 3006 conjuncta
994 2943 1067 2986 cum
1089 2921 1196 2986 verbis
1212 2929 1334 3002 secere,

145 3042 270 3097 certae
291 3038 370 3098 aliis.

235 3165 275 3208 ex
297 3144 516 3228 pulcherrima
536 3150 636 3228 atque
659 3143 782 3228 optima
797 3144 939 3227 pessima
961 3148 1060 3227 atque
1083 3143 1335 3227 flagitiosissima

146 3253 237 3320 facta
259 3257 302 3321 sit
326 3255 393 3322 Oat.
415 3264 475 3342 5‚9.
519 3257 691 3340 imperium
723 3276 763 3321 ex
788 3256 969 3341 justissimo
996 3261 1095 3338 atque
1117 3257 1239 3339 optimo
1261 3277 1333 3321 cru·

147 3366 220 3433 dele
242 3368 480 3434 intolerandum
510 3369 633 3435 factum
657 3374 741 3456 1⁰³6·
787 3389 828 3433 ex
853 3368 964 3453 parvis
991 3367 1107 3451 opibus
1128 3373 1256 3433 tantum
1275 3369 1335 3433 im·

146 3481 272 3563 perium
295 3480 401 3546 fecere
426 3487 524 3568 51‚42.
568 3503 637 3547 rem
666 3482 832 3566 publicam
861 3502 902 3546 ex
921 3501 1025 3565 parva
1046 3502 1198 3565 magnam
1219 3480 1334 3546 fecisse

149 3597 245 3678 ὅλῃ.
288 3614 394 3676 neque
424 3615 464 3658 ex
497 3594 614 3678 ignavo
645 3601 812 3661 strenuum
849 3613 955 3677 neque
992 3592 1109 3659 fortem
1141 3614 1182 3658 ex
1216 3593 1330 3659 timido

147 3705 325 3770 exercitum
409 3705 481 3771 fieri
504 3713 586 3793 58η.
614 3727 654 3771 ex
675 3707 789 3772 amicis
809 3706 1021 3771 amicissimos
1044 3705 1150 3770 fecisti
1171 3706 1333 3792 lug.10,2.

147 3836 188 3880 ex
216 3818 409 3883 necessariis
437 3818 575 3885 adversa
605 3818 694 3885 faeta
727 3825 803 3884 sunt
827 3824 924 3903 lam.
977 3815 1070 3883 effice
1101 3838 1118 3882 e
1147 3822 1333 3902 contempto

147 3929 356 3995 metuendum
377 3930 430 3995 Or.
453 3931 534 3995 Phil.
556 3936 584 3996 3.
615 3951 655 3995 ex
681 3951 758 4014 rege
781 3930 997 3995 miserrimum
1019 3949 1185 3995 seruorum
1203 3928 1332 3994 efficere

147 4040 206 4124 Ep.
229 4041 338 4107 Mithr.
361 4048 390 4107 8.
435 4063 532 4125 quam
556 4043 664 4126 gravis
695 4062 790 4107 casus
816 4043 850 4106 in
873 4040 1039 4107 servitium
1064 4062 1104 4105 ex
1125 4062 1225 4124 regno
1248 4043 1334 4108 foret

147 4153 215 4236 lug.
239 4159 322 4240 62,9.
358 4176 431 4220 cum
452 4154 625 4238 plerosque
648 4154 809 4219 secundae
829 4175 882 4220 res
902 4155 936 4219 in
954 4154 1195 4219 miserationem
1219 4175 1260 4219 ex
1281 4155 1332 4220 ira

147 4270 278 4330 vertunt
302 4266 354 4330 Or.
376 4266 453 4350 Lep.
476 4275 504 4332 5.

234 4379 346 4443 Status
368 4399 408 4442 ex
430 4399 494 4462 quo
515 4380 589 4462 quis
609 4379 787 4444 recreando
811 4379 853 4444 ad
883 4379 981 4444 alium
1004 4379 1229 4463 progreditur,
1250 4380 1332 4445 indi·
