3134 5042
667 370 882 433 *gg-e

174 554 337 619 Romanus
369 566 465 634 parvo
497 571 599 619 murra
632 552 754 621 fuderit
774 556 843 622 Cat.
867 562 895 636 7,
905 597 929 641 7.
960 556 1102 624 sciebam
1132 574 1365 643 saepenumero

169 686 275 745 parvo
295 688 386 731 menn
408 685 480 731 cum
503 667 633 750 magnis
664 667 847 752 legionibus
868 669 1011 736 hostium
1040 670 1260 752 contendisse,
1290 693 1364 757 cog·

175 799 329 844 noveram
355 782 466 858 porois
495 784 593 858 copiis
620 778 708 846 bella
737 785 830 864 gesta
862 802 935 847 cum
957 782 1119 866 opulentis
1141 782 1273 868 regibus
1295 784 1364 851 Cat.

177 897 252 978 53,3.
283 912 403 975 easque
433 897 607 972 praesidiis
640 892 750 958 firmat
776 894 845 977 Ing.
867 898 950 980 23,1.
981 894 1141 978 Iugurtha
1173 902 1364 962 multitudine

175 1003 390 1069 Numidarum
415 1004 490 1069 Auli
511 1010 620 1071 castra
642 1004 853 1072 circumvenit
880 1005 950 1090 Iug.
974 1012 1023 1087 38,
1030 1048 1055 1093 4.
1080 1012 1244 1087 praesidio
1271 1010 1365 1092 quasi

176 1115 275 1182 duum
297 1115 421 1182 milium
443 1117 589 1200 peditum
611 1122 753 1183 montem
775 1123 915 1203 occupat
936 1118 1005 1203 lug.
1029 1126 1116 1206 50‚3.
1139 1126 1256 1187 cuncta
1277 1142 1364 1187 moe·

175 1228 230 1292 nia
258 1234 397 1294 exercita
428 1229 638 1294 circumvenit
666 1229 734 1314 Ing.
766 1236 848 1316 57‚2.
887 1236 1027 1314 utroque
1061 1231 1142 1297 colle
1173 1238 1365 1299 multitudine

176 1341 376 1406 circumdato
398 1341 466 1425 lug.
490 1348 540 1422 98,
547 1376 572 1427 g.
596 1341 636 1408 cf.
663 1345 778 1408 Caesar
800 1341 875 1408 bell.
896 1343 970 1426 gall.
996 1350 1023 1409 1.
1045 1349 1074 1423 3,
1082 1385 1105 1430 7.
1129 1366 1164 1410 se
1185 1350 1364 1424 reinceptis
1400 1390 1402 1393 ψ

175 1474 291 1532 suoque
319 1459 460 1518 exercita
488 1453 552 1518 illis
580 1474 682 1538 regna
704 1455 952 1521 conciliaturum
975 1456 1185 1522 confirmavit.
1230 1457 1366 1522 Fischer

175 1587 206 1648 p.
237 1571 287 1630 28.
335 1569 439 1632 Livias
473 1571 621 1652 44,35,16.
653 1572 835 1651 pugnatum
869 1573 920 1634 est
952 1573 1010 1634 levi
1043 1579 1213 1657 armature.
1248 1574 1298 1650 23,
1306 1609 1362 1656 ms

176 1698 274 1760 quam
304 1677 444 1743 Manlius
472 1683 587 1743 uictore
617 1683 756 1744 exercitu
783 1701 957 1764 aggressus
985 1683 1118 1767 recepit.
1163 1680 1253 1748 Alios
1275 1681 1365 1747 locos

175 1788 249 1855 vide
272 1788 359 1874 apud
380 1789 532 1855 Kiilmast
553 1813 585 1874 p.
611 1795 680 1856 163.

260 1901 428 1967 Interdum
464 1903 577 1986 copiae
615 1904 709 1987 quasi
738 1904 872 1983 comites
910 1903 1001 1970 ducis
1030 1904 1082 1970 vel
1109 1905 1288 1990 participes
1316 1906 1364 1971 rei

176 2014 322 2097 agendae
345 2020 435 2080 sunt:
466 2013 534 2080 Cat.
558 2020 642 2102 43‚2.
671 2016 820 2082 Statilius
850 2021 882 2081 et
900 2015 1058 2082 Gabinius
1086 2017 1135 2083 uti
1158 2039 1225 2083 cum
1246 2038 1365 2100 magna

176 2147 274 2191 manu
303 2126 474 2193 duodecim
505 2127 601 2193 simul
632 2134 816 2213 opportuna
843 2128 917 2193 loca
943 2128 1034 2194 urbis
1055 2129 1274 2195 incenderent.
1296 2130 1363 2213 Ing.

177 2243 260 2324 2οη.
289 2239 402 2323 itaque
428 2261 492 2305 non
522 2244 559 2305 ut
581 2245 679 2305 antea
708 2261 780 2306 cum
804 2239 1016 2326 praedatoria
1037 2262 1144 2323 manu,
1167 2241 1226 2307 sed
1246 2262 1364 2325 magno

176 2353 321 2416 exercitu
351 2357 540 2436 comparato
569 2352 690 2418 bellum
720 2353 836 2437 coepit.
884 2353 912 2418 E
940 2354 1079 2420 Caesare
1109 2376 1209 2420 unum
1236 2359 1365 2420 tantum

175 2463 273 2548 hujus
296 2465 545 2531 constructionis
567 2465 750 2550 exemplum
772 2465 869 2532 affert
890 2466 1025 2532 Fischer
1046 2466 1120 2531 bell.
1147 2466 1229 2532 civil.
1254 2473 1364 2554 Imm.

176 2575 281 2643 Varro
305 2597 377 2642 cum
399 2577 439 2642 iis
462 2598 543 2660 quas
565 2577 711 2644 habebat
731 2577 914 2662 legionibus
935 2597 1061 2645 omnem
1080 2579 1269 2644 ulteriorem
1290 2578 1365 2644 His-

175 2689 307 2772 paniam
329 2694 469 2754 tueatur.
514 2690 610 2774 Apud
632 2694 749 2756 Liviam
767 2691 969 2776 praepositio
998 2713 1067 2757 cam
1094 2711 1158 2756 non
1180 2692 1243 2757 nisi
1265 2690 1365 2758 verba

176 2806 314 2866 movendi
335 2802 491 2884 sequitur.
515 2801 554 2867 cf.
577 2802 727 2869 Kiiimast
747 2824 778 2887 p.
803 2809 873 2870 163.

263 2913 365 2980 Venio
393 2913 436 2978 ad
468 2914 645 2981 ablativum
677 2916 884 2982 instrumenti
906 2920 993 2995 bello,
1026 2916 1082 3000 qui
1103 2916 1294 3002 subjunctus
1316 2921 1366 2981 est

177 3025 284 3093 verbis
307 3032 480 3092 lacessendi
509 3025 561 3092 vel
583 3033 736 3093 tentandi:
764 3048 824 3111 per
844 3027 1060 3094 Necomedem
1090 3033 1166 3094 bello
1194 3028 1365 3094 lacessive-

176 3124 264 3219 runt
287 3159 346 3203 nos
365 3139 521 3203 vertimus
545 3161 635 3218 „zum
656 3140 776 3223 Kriege
807 3140 932 3205 reizen“
956 3139 1015 3223 Ep.
1045 3139 1155 3204 Mithr.
1186 3146 1235 3207 10.
1265 3140 1366 3224 igitur

176 3271 270 3334 reges
283 3250 460 3334 populique
475 3248 604 3315 finitimi
623 3255 699 3317 bello
710 3255 848 3332 tentare,
870 3250 906 3315 id
921 3255 971 3316 est
984 3249 1189 3334 „angreilen“
1211 3250 1280 3317 Cat.
1303 3258 1364 3338 ⁶24·

177 3361 227 3427 Ex
256 3362 355 3428 verbo
382 3367 525 3441 ianitore,
555 3363 643 3445 quod
668 3365 859 3448 plerumque
894 3363 1100 3447 conjungitur
1133 3383 1206 3429 cum
1227 3384 1365 3448 praepo·

178 3475 294 3541 sitione
325 3481 369 3541 od
390 3473 429 3540 cf.
455 3476 499 3540 ad
521 3495 654 3541 coenam
683 3476 723 3543 fr.
746 3476 786 3542 II.
811 3479 895 3562 23,2.
918 3476 1040 3560 pendet
1063 3475 1224 3541 ablativus
1246 3477 1365 3542 instru-

176 3590 278 3653 menti
298 3587 337 3653 fr.
354 3587 438 3673 1v‚4.
464 3609 537 3654 cum
560 3609 593 3654 se
615 3589 663 3655 ibi
683 3593 750 3656 cito
764 3594 894 3668 vinoque
911 3589 990 3655 laeti
1004 3589 1188 3670 invitarent,
1208 3589 1278 3654 sich
1291 3588 1366 3655 frob

176 3699 232 3767 bei
254 3700 347 3767 Wein
369 3700 436 3765 und
457 3699 569 3785 Speise
591 3701 715 3786 giitlich
734 3702 826 3767 thun.

263 3813 373 3879 Verba
402 3820 577 3880 occultandi
608 3815 847 3900 conjunguntur
875 3836 948 3881 cum
982 3814 1125 3881 ablativo
1146 3814 1364 3880 instrumenti:

178 3933 334 3992 occultare
364 3925 484 4009 legitur
512 3926 581 4010 Ing.
614 3932 692 4013 12‚5.
737 3926 802 3992 Sed
831 3928 879 3992 ita
908 3927 1018 3993 variae
1047 3931 1122 3992 sunt
1143 3925 1308 4007 lectiones,
1328 3931 1365 3992 ut

180 4043 267 4103 certe
306 4038 492 4122 perspicere
523 4058 588 4102 non
616 4038 786 4122 possimus,
823 4044 933 4105 utrum
968 4038 1166 4125 praepositio
1193 4043 1237 4117 in,
1267 4060 1365 4122 quam

178 4150 323 4216 nonnulli
360 4150 488 4215 codices
518 4147 688 4230 exhibent,
720 4151 880 4216 servanda
909 4151 953 4216 sit
980 4172 1097 4217 necne:
1133 4172 1207 4216 cum
1234 4152 1364 4218 interim

178 4262 346 4347 Hiempsal
375 4262 538 4346 reperitur
571 4262 738 4327 occultans
760 4282 796 4327 se
821 4263 882 4348 [in]
906 4269 1029 4343 lapario
1051 4264 1197 4330 mulieris
1217 4264 1364 4331 ancillae.

178 4375 273 4441 Solus
303 4374 464 4441 ablativus
497 4373 660 4440 invenitur
689 4373 777 4457 apud
805 4374 991 4439 Ciceronem
1021 4374 1112 4441 acad.
1136 4382 1165 4457 2,
1172 4418 1213 4462 39.
1246 4378 1365 4442 crassis

179 4487 342 4552 occultata
373 4492 407 4552 et
436 4486 631 4553 circumfusa
660 4486 812 4552 tenebris.
862 4490 978 4551 Caesar
1010 4488 1176 4572 conjungit
1201 4509 1236 4552 se
1258 4489 1365 4553 occul·

1140 4592 1156 4643 3
