3134 5042
664 410 882 471 ..99-

262 596 437 662 Praeterea
460 593 619 678 adscripsi
640 594 700 658 hos
720 593 827 658 locos:

261 727 331 787 spes
364 707 468 772 omnis
498 712 530 771 io
552 712 647 771 armis
670 716 740 770 eret
763 705 832 788 lug.
856 710 954 791 14„0.
976 706 1141 786 „beruhen
1164 707 1249 772 anl‘.
1273 730 1368 793 prae·

174 819 287 884 sertim
311 840 384 884 oum
404 817 454 883 illi
472 839 544 898 spes
558 823 655 882 omnis
668 822 701 881 tn
716 824 835 883 scelere
851 823 951 900 atque
966 823 1106 897 perfidio
1121 818 1163 882 sit
1175 818 1229 884 Or.
1245 820 1322 904 Lep.
1340 828 1366 885 l.

260 951 344 1010 spem
372 935 503 996 bebere:
526 931 635 1010 „seins
658 927 825 1012 Hoffnung
847 935 958 995 setaen
980 929 1071 996 anf“:
1093 931 1155 996 nisi
1178 936 1210 994 ia
1233 938 1368 998 avaritie

173 1041 355 1109 nobilitatis
375 1048 408 1108 et
423 1048 562 1122 perante
584 1063 643 1106 sao
665 1062 756 1125 spem
786 1040 910 1106 habere
931 1042 999 1125 Iug.
1024 1048 1105 1128 13,5.
1135 1063 1225 1126 spem
1254 1043 1368 1109 salutis
1440 1069 1446 1083 ·

174 1160 208 1218 in
228 1160 392 1220 solitudine
422 1159 480 1219 ant
505 1161 589 1234 supe
620 1154 780 1237 ooegissot
806 1151 930 1217 habere
952 1153 1021 1237 lug,
1045 1160 1127 1239 55,1.
1155 1175 1261 1236 neque
1285 1155 1369 1220 alius

174 1272 207 1330 in
229 1271 290 1331 elio
313 1264 418 1351 magis
444 1286 544 1350 quam
565 1269 598 1328 ta
629 1285 698 1329 sese
727 1284 819 1348 spem
848 1263 971 1331 habere
999 1265 1068 1349 Ing.
1099 1271 1183 1351 60„.
1216 1285 1313 1349 saepe
1335 1273 1367 1331 ia

169 1384 253 1458 supa
274 1399 314 1443 ao
334 1384 410 1462 post
430 1377 530 1462 paulo
552 1382 586 1440 in
609 1381 704 1441 ermis
727 1396 819 1459 spem
840 1376 964 1442 habere
983 1377 1052 1460 lug.
1076 1383 1161 1462 74„.

259 1495 292 1553 in
309 1498 392 1571 sapa
414 1489 553 1555 salutem
575 1507 709 1572 sperare
731 1487 801 1554 099.
826 1494 927 1574 5916.

260 1612 390 1668 oetatem
415 1621 525 1682 apere:
547 1600 621 1665 illos
642 1606 676 1664 in
698 1605 840 1665 libertate
867 1601 937 1666 sine
958 1607 1047 1666 metu
1071 1606 1213 1667 aetatem
1235 1608 1367 1667 acturos

174 1714 242 1798 Ing.
266 1719 316 1794 56,
324 1753 349 1799 4.
381 1714 438 1797 qui
460 1733 587 1778 omnem
610 1717 753 1777 aetatem
779 1717 813 1775 ia
832 1717 953 1791 aprinos
975 1718 1095 1778 ortibus
1118 1715 1170 1798 egi
1191 1715 1259 1797 lug.
1283 1720 1367 1800 85,9.

120 1826 126 1834 ’
174 1860 217 1874 ·-—
237 1846 352 1907 opere:
375 1844 503 1908 semper
524 1830 557 1888 to
579 1829 748 1889 certandae
769 1822 934 1890 libertatis
957 1831 1015 1890 aut
1036 1826 1159 1908 gloriae
1187 1832 1247 1899 ant
1268 1826 1367 1892 domi-

174 1938 315 2004 nationis
343 1937 412 2021 agit
440 1935 479 2001 11.
509 1934 534 2001 1.
565 1941 616 2002 99.
644 1972 688 1984 -
717 1936 836 2000 ceteris
867 1937 1056 2020 expertibus
1086 1938 1146 2002 soli
1177 1943 1211 2002 io
1239 1943 1368 2018 imperio

175 2070 271 2133 agere
296 2049 335 2114 fr.
355 2049 380 2115 1.
403 2055 433 2116 9.
454 2084 498 2096 --
520 2069 541 2112 a
563 2049 670 2131 prima
699 2047 921 2113 adolescentia
953 2054 985 2111 ia
1015 2069 1070 2113 ore
1098 2060 1198 2114 vestro
1220 2050 1368 2134 privatus

175 2167 208 2226 et
234 2163 268 2225 in
297 2161 546 2245 magistratibus
573 2160 625 2243 egi
649 2160 703 2225 Or.
726 2158 810 2224 Cobt.
839 2165 869 2224 4.
891 2165 923 2223 ia
946 2180 1001 2225 ore
1031 2160 1181 2243 gentibus
1204 2183 1304 2246 agens
1326 2163 1368 2227 fr.

172 2273 197 2337 1.
220 2279 272 2339 90.
293 2310 338 2321 -
359 2279 391 2338 in
414 2277 583 2338 eervtetoes
606 2271 722 2337 Italiae
745 2271 872 2354 agentis
892 2271 952 2355 Ep.
974 2271 1086 2355 Pomp.
1108 2278 1137 2337 4.
1160 2311 1203 2321 -
1226 2294 1367 2359 semper·

173 2404 237 2467 que
263 2390 296 2447 ia
319 2389 525 2464 potestatibus
555 2405 594 2448 eo
624 2382 720 2448 modo
754 2387 903 2463 epitebot,
937 2388 975 2447 119
991 2384 1168 2467 ampliores
1192 2406 1290 2468 quam
1312 2405 1366 2469 ge-

173 2495 270 2561 rebat
290 2495 408 2580 dignus
428 2495 617 2562 haberetur.
640 2495 709 2579 Iug.
734 2499 819 2580 ⁶3⁵5·

144 2618 146 2623 '
261 2613 416 2673 retinere:
437 2613 470 2671 in
492 2612 622 2672 vinealis
646 2607 715 2672 Cat.
738 2613 790 2686 49
798 2648 823 2692 6.
852 2612 959 2672 metus
980 2607 1108 2673 hostilis
1130 2614 1162 2672 ia
1184 2613 1367 2675 1101199999·-

173 2722 229 2783 tus
250 2719 416 2784 civitatem
438 2718 603 2785 retinebat
625 2719 693 2801 lug.
718 2724 804 2805 41„.

253 2851 458 2910 permonere:
481 2830 509 2896 si
530 2851 722 2915 permanere
745 2831 844 2897 vellet
865 2836 897 2895 ia
918 2836 984 2896 sais
1006 2836 1125 2896 ortibus
1146 2833 1214 2916 Ing.
1238 2839 1267 2913 8,
1276 2873 1300 2918 2·
1323 2870 1366 2881 -

172 2961 306 3007 maneas
327 2948 360 3005 ta
382 2948 536 3007 seranda
559 2947 593 3007 et
614 2943 758 3008 retineas
784 2962 877 3008 arma
897 2942 952 3007 Or.
973 2942 1055 3008 Phil
1080 2949 1128 3009 16.

258 3059 397 3119 verseris
427 3073 597 3137 semperne
626 3059 660 3117 ia
688 3058 842 3134 sanquine
864 3060 957 3133 serre
981 3060 1065 3134 sape
1091 3055 1276 3120 versabitur
1297 3056 1365 3140 ing.

175 3170 224 3245 11,
233 3205 257 3251 s·

260 3282 510 3357 deprehendere:
532 3282 565 3340 tn
586 3281 719 3342 marimo
740 3282 859 3342 seelere
878 3276 980 3341 tantis
1006 3277 1130 3343 civibus
1156 3277 1366 3363 deprehensis

173 3389 253 3473 quid
272 3388 362 3454 laeto
381 3406 468 3472 opus
488 3393 576 3455 esset
596 3387 666 3454 Cat.
688 3393 741 3469 46,
749 3428 775 3474 2.

252 3511 387 3580 portare
396 3530 406 3565 .·
435 3520 493 3566 vos
515 3499 646 3565 divitias
668 3500 767 3566 decus
792 3499 945 3584 gloriam,
977 3505 1150 3585 praeterea
1178 3502 1365 3569 libertatem

173 3618 273 3697 atque
296 3612 440 3697 patriam
461 3617 495 3676 ire
518 3617 640 3677 dextris
662 3617 773 3677 restris
795 3617 929 3696 portare
951 3612 1020 3678 Cat.
1047 3618 1097 3694 58,
1108 3654 1133 3699 3.

254 3730 429 3806 frustrari:
452 3724 510 3790 sed
530 3723 599 3790 tela
623 3725 746 3790 eminus
768 3725 868 3790 missa
891 3726 1067 3804 remittere,
1088 3725 1187 3809 pauoi
1213 3731 1246 3789 io
1262 3732 1364 3806 pleri-

174 3840 230 3900 bus
250 3837 357 3902 minus
378 3835 528 3902 1111991991
549 3837 619 3920 lug.
643 3843 693 3918 59
701 3879 726 3924 3.
753 3836 827 3917 „bei
850 3835 909 3901 der
931 3840 1101 3919 grosseren
1123 3837 1256 3902 Anzahl.
1278 3874 1323 3886 -

260 3947 293 4011 ni
313 3946 349 4011 id
369 3947 556 4028 festinaret,
584 3953 618 4012 io
637 3969 750 4014 summo
773 3952 918 4028 periculo
940 3968 1032 4012 suam
1054 3948 1205 4029 salutem,
1235 3948 1364 4014 illorum

174 4056 280 4122 sooios
303 4055 374 4122 fore
395 4058 448 4137 „in
470 4058 528 4123 ‹ler
548 4063 698 4141 griissten
721 4058 847 4125 Gefahr
868 4058 1057 4125 sohweben“
1079 4058 1148 4142 lug.
1172 4064 1255 4146 77‚,.

259 4188 324 4233 nen
343 4167 548 4252 prolatandis
568 4169 801 4251 seditionibus,
828 4170 957 4255 inquies
978 4170 1065 4255 ipse,
1085 4191 1146 4236 nos
1164 4178 1198 4235 iu
1218 4176 1364 4237 sollieita-

175 4286 247 4348 dine
267 4285 400 4346 odiosos
420 4279 473 4346 Or.
493 4279 574 4345 Phil.
600 4286 648 4346 16.

260 4397 370 4458 vestra
390 4390 550 4459 beneficia
570 4391 651 4456 mihi
675 4398 788 4477 erepta
812 4402 896 4474 sunt,
915 4401 1029 4479 patres
1046 4395 1230 4477 conscripti,
1252 4414 1309 4461 vos
1330 4402 1364 4460 in
