3134 5042
670 308 883 368 ...87-

160 490 221 555 Or.
249 490 348 556 Cott.
372 497 421 556 12.
464 491 548 556 haec
568 495 644 556 sunt
670 491 817 576 praemia
837 513 901 572 pro
931 498 1103 558 volneribus
1133 499 1166 559 et
1187 495 1307 560 totiens
1328 495 1371 561 ob

158 624 237 668 rem
276 602 451 686 publicam
477 612 552 685 suso
574 608 727 684 sanquine
751 603 812 688 Ep.
836 603 947 688 Pomp.
971 609 999 668 2.
1038 627 1101 684 pro
1130 611 1207 684 quis,
1236 628 1255 671 o
1285 609 1370 690 grati

159 719 302 799 patres,
327 720 505 799 egestatem
527 721 561 782 et
582 715 701 781 famem
723 715 861 781 redditis
888 717 946 800 Ep.
968 716 1078 800 Pomp.
1101 723 1129 781 6.

259 827 350 894 Cum
371 827 479 894 verbis
494 827 698 907 aestimandi,
719 827 872 907 habendi,
890 828 1061 912 judicandi
1077 850 1141 909 pro
1164 830 1371 914 conjunctum

158 945 217 1006 est
250 939 314 1006 his
344 939 439 1006 locis:
470 961 570 1025 supra
603 961 643 1006 ea
670 938 771 1005 veluti
792 939 871 1005 ficta
896 962 959 1019 pro
983 946 1079 1022 falsis
1107 941 1197 1006 ducit
1217 941 1284 1007 Oat.
1308 948 1370 1027 3,2.

160 1051 430 1118 Atheniensium
445 1046 540 1117 'iacta
554 1075 618 1134 pro
640 1056 781 1116 maximis
803 1051 1012 1118 celebrantur
1031 1053 1100 1119 Oat.
1123 1060 1185 1139 8‚3.
1220 1053 1370 1119 innocen-

159 1165 215 1230 tia
228 1186 305 1245 pro
326 1170 538 1230 malevolentia
567 1164 643 1230 duci
674 1163 782 1247 coepit
813 1163 989 1250 Oat.12‚1.
1028 1187 1092 1244 pro
1114 1176 1198 1229 certo
1228 1165 1371 1230 creditur

164 1276 245 1342 Cat.
276 1282 364 1362 15‚2.
409 1275 528 1342 falsum
550 1275 675 1359 aliquid
691 1296 754 1355 pro
776 1297 849 1340 cero
872 1275 961 1340 credi
984 1276 1052 1340 Cat.
1077 1282 1126 1355 51,
1133 1317 1174 1362 36.
1200 1297 1264 1355 pro
1285 1288 1370 1341 certo

160 1388 336 1455 habetote
357 1388 426 1453 Cat.
449 1394 546 1474 5117.
587 1388 657 1475 jam
683 1393 865 1468 pronihilo
894 1388 1146 1471 habenturlug.
1170 1394 1266 1474 3l,25.
1311 1389 1370 1453 im-

164 1499 391 1584 prudentiam
412 1500 562 1585 Tigranis
578 1521 642 1581 pro
664 1505 795 1566 victorio
817 1505 982 1565 ostentant
1003 1500 1062 1584 Ep.
1078 1499 1187 1565 Mithr.
1213 1505 1261 1566 15.
1293 1500 1371 1583 quia

167 1612 373 1696 praesentia
395 1610 592 1679 defendebat
606 1633 671 1692 pro
692 1616 769 1678 bono
792 1610 974 1678 ducebatur
993 1611 1032 1676 fr.
1055 1613 1079 1676 I.
1105 1617 1154 1677 10.

264 1723 443 1790 Praeterea
466 1724 672 1811 conjungitur
688 1744 751 1803 pro
775 1744 849 1788 cum
871 1723 979 1789 verbis
1002 1723 1196 1789 defendendi
1217 1723 1270 1788 vel
1287 1744 1369 1807 pug-

166 1836 283 1901 nandi
306 1841 340 1900 et
359 1835 441 1917 aliis,
471 1856 556 1920 quae
578 1836 715 1901 similem
744 1834 869 1900 habent
890 1836 1054 1900 notionem
1077 1841 1110 1900 et
1131 1857 1200 1900 rem
1224 1836 1368 1920 aliquam

163 1948 295 2032 juvant
316 1953 375 2013 aut
395 1952 603 2038 promovent3
635 1947 811 2031 opponitur
832 1946 876 2026 id,
899 1946 987 2030 quod
1012 1953 1127 2012 contra
1148 1952 1213 2012 est:
1248 1948 1369 2014 Contra

168 2081 234 2125 eos
261 2081 388 2125 summa
409 2080 470 2143 ope
491 2059 658 2125 nitebatur
679 2058 836 2143 pleraque
859 2059 1011 2125 nobilitas
1035 2065 1167 2124 senatus
1186 2060 1293 2144 specie
1309 2081 1369 2139 pro

153 2186 235 2237 'sao
259 2176 471 2253 moabitidae
493 2171 562 2237 Oat.
585 2176 666 2257 38‚2.
689 2171 811 2236 bonum
832 2169 999 2255 publicum
1021 2171 1210 2236 simulantes
1224 2192 1288 2251 pro
1312 2193 1370 2236 sco

168 2285 319 2367 quisque
334 2289 477 2363 potentio
499 2282 672 2349 certabant
693 2282 761 2347 Oat.
787 2288 868 2368 38,3.
903 2304 961 2348 nos
977 2304 1041 2362 pro
1062 2288 1174 2363 botrio
1191 2304 1254 2362 pro
1277 2288 1368 2349 iiber-

170 2406 242 2461 tere
259 2416 323 2475 pro
352 2402 415 2461 vila
442 2399 605 2461 certamus
636 2394 829 2480 Oat.58,11.
870 2416 931 2475 pro
953 2401 1065 2475 potae
1092 2415 1152 2479 pro
1178 2399 1283 2460 literis
1304 2416 1368 2475 pro

172 2514 247 2573 oris
270 2512 369 2591 atque
387 2512 471 2588 focis
490 2507 557 2572 suis
579 2512 706 2574 comare
728 2506 798 2572 Oat.
819 2513 901 2593 59,5.
940 2529 1003 2587 pro
1022 2514 1126 2589 cloria
1155 2513 1254 2590 atque
1276 2514 1367 2587 impe-

172 2628 228 2687 rio
251 2620 312 2701 his,
334 2621 400 2686 illis
416 2627 601 2700 prosatore
623 2620 825 2686 certantibus
847 2621 916 2704 Iug.
935 2627 985 2700 94,
992 2663 1017 2708 5.
1055 2621 1089 2686 id
1110 2627 1161 2687 cst
1179 2626 1217 2686 ut
1230 2622 1368 2705 gloriam

110 2747 115 2755 “
173 2739 211 2798 et
233 2733 406 2817 imperium
429 2732 493 2799 sibi
512 2738 639 2820 parent.
663 2754 737 2798 cum
759 2732 863 2799 Gallis
876 2755 940 2814 pro
964 2742 1073 2810 solute,
1101 2755 1165 2798 non
1181 2756 1244 2814 pro
1265 2741 1368 2815 cloria

173 2847 301 2911 certari
322 2846 391 2930 Ing.
416 2851 520 2931 ll4,2.
556 2866 704 2930 pugnare
720 2868 783 2926 pro
801 2852 944 2927 potentio
973 2867 1151 2931 paucorum
1174 2847 1366 2932 Cat.58,11.

175 2957 320 3040 denique
347 2956 496 3022 omnibus
518 2958 623 3023 modis
641 2980 701 3038 pro
724 2964 826 3023 alieno
847 2965 965 3023 scelere
985 2963 1018 3022 et
1037 2964 1167 3039 stabilio,
1190 2980 1250 3023 sua
1272 2960 1367 3042 quasi

168 3090 237 3149 pro
267 3074 371 3149 clorio
402 3069 592 3136 nitebantur
622 3071 691 3154 Iug.
716 3075 765 3148 15,
774 3111 799 3154 2.
850 3090 907 3135 vos
930 3089 993 3148 pro
1023 3074 1164 3135 libertate
1261 3091 1367 3136 nonne

176 3202 306 3248 summa
328 3202 390 3266 ope
412 3181 581 3247 nitemini?
611 3183 679 3265 Iug.
704 3187 802 3266 31,sp
847 3180 923 3245 dum
945 3201 1008 3260 pro
1035 3186 1149 3246 civibus
1180 3186 1256 3259 raia,
1291 3188 1366 3248 viris

172 3300 357 3375 fortissimis
380 3300 479 3379 atque
501 3299 690 3371 miseri-imit,
715 3313 838 3378 poenas
867 3299 1022 3376 caperent
1043 3293 1111 3377 lug.
1137 3300 1221 3380 68,3.
1264 3295 1366 3360 maxi·

179 3428 252 3472 mas
273 3406 460 3472 inimicitias
476 3428 539 3487 pro
562 3411 744 3485 republica
766 3407 896 3491 suscepi
924 3406 977 3471 Or.
1001 3405 1084 3471 Oott.
1107 3413 1136 3472 4.
1181 3427 1278 3489 quam
1303 3428 1366 3486 pro

167 3529 283 3585 costra
303 3526 403 3584 relate
432 3519 529 3584 finem
544 3500 548 3511 ’
562 3518 649 3583 vitae
678 3517 812 3584 fecerim
843 3518 897 3583 Or.
918 3518 1001 3584 Cott.
1024 3524 1052 3585 9.
1096 3539 1195 3583 voveo
1218 3518 1366 3602 dedoque

176 3653 229 3697 me
256 3652 320 3711 pro
351 3652 387 3696 re
417 3619 546 3710 publico
577 3630 630 3695 Or.
660 3630 743 3696 Oott.
769 3635 817 3696 lO.
870 3630 970 3696 statui
1005 3630 1191 3696 certaminis
1228 3630 1366 3696 adversa

177 3764 235 3824 pro
257 3747 398 3808 libertate
426 3743 556 3826 potiora
584 3763 654 3807 esse
687 3742 741 3807 Or.
763 3741 864 3807 Macr.
887 3749 934 3808 4.i
963 3762 1074 3807 omnes
1105 3741 1161 3806 alii
1183 3743 1285 3807 creati
1302 3764 1365 3822 pro

172 3861 250 3934 Jirre
280 3864 381 3919 vestro
413 3852 465 3918 Or.
488 3854 589 3919 Macr.
613 3860 641 3920 5.
686 3875 770 3938 quae
795 3855 890 3939 jussa
922 3875 1009 3919 nuno
1024 3875 1087 3933 pro
1110 3859 1180 3918 aliis
1208 3854 1364 3934 toleratis,

172 3970 340 4045 prosodia
364 3986 461 4049 agere
491 3970 549 4030 aut
576 3985 641 4030 non
664 3986 762 4048 agere
788 3965 921 4049 possitis
943 3965 997 4030 Or.
1020 3966 1120 4031 Maor.
1144 3971 1193 4029 15.
1237 3971 1365 4031 tantum

178 4077 385 4161 antiquitatis
408 4097 571 4161 curaeque
587 4081 786 4173 praxiteliae
807 4086 899 4157 ceste
920 4078 1099 4162 majoribus
1120 4076 1183 4142 fuit
1205 4077 1243 4142 fr.
1266 4078 1290 4142 I.
1317 4084 1363 4143 14.

263 4189 432 4254 Accedunt
453 4188 578 4271 aliquot
592 4188 684 4296 doci,
722 4190 757 4252 in
786 4189 905 4272 quibus
931 4190 1130 4274 praepositio
1156 4189 1365 4256 insolentiore

177 4300 273 4367 modo
295 4302 404 4385 posita
425 4306 489 4366 est:
511 4300 553 4365 ad
570 4322 612 4365 ea
622 4299 770 4365 Bocchus
792 4300 921 4383 placide
936 4302 1126 4384 etbenigne,
1150 4301 1246 4366 simul
1257 4324 1365 4387 pauca

172 4434 236 4492 pro
259 4418 368 4479 delicto
389 4433 445 4477 suo
467 4411 568 4478 verba
588 4411 670 4477 facit
686 4412 754 4496 lug.
778 4416 898 4497 102,12.
943 4412 1062 4477 Sensus
1084 4412 1206 4477 nullam
1226 4413 1365 4497 praebet
