3134 5042
659 412 876 474 -41-

172 603 255 681 lost.
288 599 343 680 qui
361 588 471 681 populi
501 595 649 662 Romani
682 601 790 677 opibus
821 601 970 662 creverat
1001 597 1070 664 Get.
1094 603 1176 685 51,5.
1213 606 1292 664 malo
1313 599 1362 664 rei

169 708 322 793 publicae
350 709 418 774 Get.
441 710 493 788 51,
500 750 543 794 32.
578 709 637 774 sed
661 714 807 774 memorio
838 730 948 775 rerum
975 714 1140 797 gestarum
1169 731 1240 776 eam
1269 710 1362 776 flam-

170 841 258 886 mam
354 840 501 886 crescere
521 820 590 905 Ing.
611 827 640 901 4,
649 862 673 907 6.
704 826 871 886 canendis
897 841 1019 905 parvae
1046 842 1099 887 res
1123 828 1273 887 crescunt
1292 823 1361 907 Ing.

173 938 254 1018 lbffi.
306 932 551 1017 Praepositione
577 954 641 1013 per
668 933 772 999 utitur
802 932 975 1000 Sallustius
1000 934 1068 1018 lug.
1107 939 1156 1014 14,
1166 974 1190 1020 7.
1227 955 1362 1018 regnum

165 1066 230 1125 per
251 1045 357 1111 scelus
380 1066 536 1112 crescere.

257 1163 414 1224 cunctari:
442 1161 556 1224 inertia
579 1162 613 1224 et
633 1161 759 1223 mollitio
785 1157 884 1223 animi
905 1157 992 1224 elius
1013 1157 1113 1225 ulium
1136 1162 1362 1243 exspectantes

160 1270 369 1335 ‘cunctemini
390 1270 459 1336 Ost.
483 1275 582 1355 52‚23.

258 1386 387 1448 debere:
416 1381 504 1467 quod
527 1382 556 1448 is
578 1381 730 1466 privatim
761 1388 891 1465 eoreoio
910 1386 1094 1448 liberalitate
1114 1381 1244 1467 publice
1265 1386 1362 1447 moui-

169 1498 227 1558 mis
248 1499 426 1560 munaibus
449 1494 604 1578 grandem
624 1495 798 1580 pecuniam
819 1494 961 1562 debebat
980 1494 1049 1561 Cat
1072 1500 1155 1581 49‚3.

259 1611 456 1687 delinquere:
482 1606 510 1672 si
532 1606 612 1691 quid
633 1612 800 1674 iracundia
822 1606 988 1692 deliquere
1009 1606 1076 1673 cat.
1100 1610 1199 1694 blm.

259 1722 373 1784 dilabi:
408 1724 566 1785 discordia
597 1720 759 1786 maximae
785 1739 839 1784 res
860 1718 1050 1786 dilabuntur
1071 1719 1130 1803 lug
1154 1725 1235 1804 10,6.
1258 1718 1361 1784 omnis

170 1829 293 1895 invidia
316 1836 516 1911 prolatandis
543 1836 815 1898 consultationibus
842 1830 971 1915 dilapsa
998 1830 1083 1897 foret
1103 1831 1171 1915 Iug.
1195 1837 1278 1916 ΞΜ.
1311 1851 1361 1896 er·

170 1963 262 2007 resse
289 1963 400 2026 regem
430 1948 464 2009 et
489 1943 667 2029 Iugurthae
695 1949 814 2009 scelere
840 1942 968 2028 lapsum
1000 1943 1167 2028 deprecati
1198 1948 1274 2009 sunt
1292 1942 1361 2027 Ing.

174 2059 244 2135 104,
252 2096 277 2141 r·

255 2174 321 2235 ire:
342 2178 459 2234 suomet
478 2168 542 2253 ipsi
563 2188 647 2234 mae
667 2168 865 2253 praecipites
888 2172 965 2234 eunt
984 2167 1053 2252 lug.
1078 2172 1160 2254 3l,3.

258 2302 341 2347 esse:
369 2285 594 2362 infecunditate
614 2280 725 2354 bienni
746 2281 887 2366 proximi
917 2301 1014 2365 greve
1036 2280 1178 2365 pretium
1200 2278 1361 2344 fructibus

172 2397 258 2459 esset
279 2392 319 2458 ir.
342 2394 398 2458 ΠΙ.
423 2399 450 2459 1.

257 2511 397 2571 euenire:
420 2506 456 2571 id
477 2527 515 2570 cc
536 2510 642 2587 oratic
664 2504 843 2586 eveniebat,
866 2504 953 2589 quod
979 2505 1046 2589 lug.
1071 2510 1121 2585 54,
1133 2546 1158 2590 4.
1185 2503 1220 2569 id
1241 2507 1360 2568 miseri-

173 2623 323 2684 cordiane
343 2617 482 2702 hospitis
505 2621 563 2683 aut
579 2623 727 2698 panone
748 2638 791 2682 en
811 2639 887 2683 casu
907 2616 956 2682 ito
977 2617 1119 2683 evenerit
1137 2637 1254 2701 perum
1274 2635 1361 2681 oom-

169 2731 313 2814 perimus
343 2730 412 2814 Iug.
443 2735 493 2810 67,
501 2772 527 2816 3.
566 2729 691 2814 primae
724 2728 941 2797 dissensiones
973 2735 1044 2795 uitio
1073 2729 1207 2794 humani
1234 2728 1361 2811 generis

170 2863 307 2908 evenere
328 2840 367 2906 fr.
387 2841 412 2906 Ι.
434 2847 463 2907 7.

253 2961 412 3035 flcqrare:
437 2953 615 3038 flagrantes
636 2958 743 3035 inopia
766 2959 800 3020 et
818 2959 1016 3034 ,cumdinibas
1041 2952 1094 3018 Or.
1117 2953 1199 3018 Phil.
1223 2959 1252 3015 7.

257 3073 421 3133 incedere:
444 3066 562 3150 quibus
583 3066 806 3150 reipublicae
827 3070 1040 3147 maonitudine
1056 3063 1134 3131 belii
1156 3065 1254 3129 timor
1274 3065 1360 3129 inso-

169 3180 247 3247 litus
268 3181 457 3245 incesserat.
479 3179 547 3245 Cat.
571 3184 657 3265 3¹²3·

256 3297 404 3359 interire:
433 3300 526 3373 serra
558 3295 616 3356 aut
645 3294 749 3356 bestiis
776 3290 845 3374 lug.
876 3294 925 3370 17,
933 3331 958 3375 6.
987 3290 1131 3355 incertae
1161 3294 1195 3354 et
1224 3289 1360 3355 forsitan

169 3410 245 3492 post
271 3404 370 3490 paulo
400 3408 503 3470 morbo
533 3404 727 3470 interiturae
756 3402 844 3468 vitae
864 3407 1016 3488 parceret
1037 3402 1105 3487 Ing.
1130 3407 1236 3489 lOb,3‚
1267 3403 1360 3487 cujus

169 3520 204 3585 in
226 3518 341 3586 urbem
363 3523 468 3584 reditu
487 3517 587 3584 decus
609 3515 731 3582 ordinis
753 3516 852 3603 hujus
873 3517 998 3582 interiit
1018 3516 1072 3583 Or.
1095 3516 1177 3583 Phil.
1203 3522 1250 3581 19.
1278 3514 1359 3581 mul·

170 3632 261 3716 tique
283 3635 482 3698 commeatus
503 3630 697 3696 interierant
718 3634 840 3695 insidiis
863 3629 1026 3696 lenonum
1049 3629 1088 3695 fr.
1111 3629 1151 3695 II.
1176 3634 1225 3695 51.

256 3748 390 3809 morari:
420 3743 516 3810 Curio
538 3747 689 3824 relioione
710 3741 973 3811 Volosnnliorum
1002 3742 1088 3808 diem
1110 3741 1231 3808 ibidem
1253 3760 1359 3805 mora·

170 3855 434 3923 mfffflffi

257 3974 416 4035 occidere:
445 3988 579 4052 sperans
601 3966 653 4033 vel
675 3973 856 4033 ostentando
884 3966 1036 4033 virtutm
1057 3965 1109 4032 vel
1130 3966 1272 4031 hostium
1291 3986 1359 4030 sae·

170 4085 245 4146 uitio
265 4080 362 4147 facile
383 4101 457 4146 eum
479 4098 687 4144 oooassurum
708 4078 777 4161 Iug·
802 4083 862 4164 iffi.

257 4197 353 4257 oriri:
382 4195 473 4258 ortus
503 4194 554 4256 est
582 4194 642 4255 otio
664 4194 763 4273 atque
786 4194 978 4255 abundantio
999 4210 1111 4256 earum
1133 4211 1252 4271 rerum,
1273 4211 1358 4275 quae

169 4304 238 4389 lug.
261 4309 344 4390 ‘star

250 4436 438 4496 pavescere:
462 4420 496 4481 et
517 4419 597 4481 omni
617 4418 748 4495 strepitu
770 4433 946 4499 pavescere
967 4414 1036 4498 lug.
1060 4418 1144 4501 72‚2.

249 4532 436 4609 poenire:
458 4532 630 4612 praeterea
651 4526 887 4594 modestissime
902 4534 1049 4606 parendo
1068 4532 1103 4593 et
1117 4547 1215 4612 saepe
1230 4526 1359 4593 obviam
