3134 5042
683 367 879 427 ..7.-

42 526 48 531 ’
186 576 245 636 qao
278 552 424 619 omnibus
451 550 588 637 expulitv
610 553 679 636 Iug.
704 557 778 639 112.
830 556 939 632 patrio
965 573 1062 633 reone
1099 551 1167 638 lug.
1199 559 1266 640 24„
1293 574 1374 638 quos

185 665 346 752 flagitium
366 669 424 731 aut
443 664 572 732 faoinus
594 671 679 731 domo
702 663 874 750 expulerat
896 663 964 731 Cat.
986 668 1062 751 37„.

265 781 454 859 prohibere:
475 776 543 844 Ubi
563 775 738 861 probibere
756 776 920 861 signifieat
933 775 1137 858 „abhalten“,
1160 776 1317 857 „demand
1332 800 1375 844 an

186 893 287 957 etwas
306 888 473 969 hindern“,
496 910 518 955 a
540 888 695 955 Sallustio
711 888 904 974 plerumque
916 887 1124 974 ooujungitur
1142 908 1216 954 oum
1230 888 1374 957 ablativo

186 1002 272 1069 solo:
293 1005 448 1068 moenibus
468 999 636 1086 prohibuit
649 1001 718 1084 lug.
742 1005 809 1087 21,2
836 999 932 1068 simul
952 999 1057 1066 hiems
1078 1005 1159 1066 mori
1179 1001 1377 1086 prohibebat

185 1114 245 1199 Ep.
268 1113 378 1179 Mithr.
409 1118 457 1179 14.
499 1113 548 1178 ilb
569 1118 676 1194 puoso
696 1111 855 1197 prohibiti
876 1112 945 1179 Cat
967 1117 1034 1198 28,3
1056 1131 1147 1178 mare
1168 1133 1322 1197 magnum
1342 1119 1376 1180 et
1450 1158 1452 1165 ›

185 1226 302 1310 ignara
312 1225 423 1309 lingua
445 1230 623 1293 commercio
637 1223 858 1310 prohibebant
879 1225 948 1308 lug.
972 1230 1037 1311 18„
1060 1227 1265 1308 portaeaute
1287 1225 1376 1291 olau-

186 1360 243 1405 sae
267 1344 349 1419 supa
373 1336 594 1422 prohibebant
619 1337 687 1422 lug.
709 1343 773 1423 67„
798 1335 1041 1403 multitudinem
1064 1335 1145 1402 artis
1165 1336 1247 1402 loeis
1262 1357 1376 1419 papan

184 1449 382 1536 prohibuere
403 1450 463 1535 Ep.
485 1449 595 1516 Mithr.
620 1454 669 1516 15.
712 1453 836 1516 eiurato
856 1469 918 1533 pro
940 1446 1051 1514 multis
1073 1452 1108 1513 et
1126 1448 1265 1533 egregiis
1278 1448 1376 1516 factis

185 1583 206 1628 a
225 1561 321 1629 nobis
344 1568 419 1628 duta
438 1583 500 1646 per
520 1582 620 1628 uuum
632 1559 850 1646 prohibentur
868 1560 922 1627 Or.
938 1560 1016 1645 Lep.
1039 1565 1088 1625 12.
1131 1564 1278 1641 proniore
1298 1565 1375 1628 hello

185 1674 242 1759 qui
262 1673 462 1760 prohibituri
472 1678 628 1740 venerant
647 1672 687 1738 fr.
703 1673 768 1739 luo.
782 1678 835 1740 50.
856 1671 1185 1758 Praepositionemob
1201 1672 1325 1739 inveni:
1347 1675 1376 1739 si

185 1791 224 1854 ab
242 1787 317 1873 jure
342 1786 487 1871 gentium
506 1806 576 1853 sose
595 1783 804 1870 prohibuerit
815 1784 884 1867 lug.
897 1789 964 1870 22,4
985 1785 1033 1850 ita
1051 1783 1254 1870 prohibendo
1277 1807 1298 1850 a
1320 1785 1375 1852 de·

184 1899 270 1965 liotis
291 1898 395 1983 magis
418 1919 517 1982 quam
536 1897 730 1964 vindicando
753 1897 933 1964 exereitum
961 1896 1054 1963 brevi
1082 1896 1286 1966 oonfirmavit
1306 1897 1375 1981 lug.

185 2017 262 2098 45„
292 2010 328 2078 Si
342 2010 517 2096 prohibere
531 2009 717 2076 idemvalet
735 2030 775 2075 ao
787 2008 1055 2090 „Jemaudenvor
1078 2013 1178 2075 etwas
1201 2010 1374 2075 sohiitzen“

184 2123 317 2208 ponitur
337 2122 538 2208 praepositio
560 2121 618 2188 ab:
640 2127 751 2188 tamen
771 2125 810 2187 ab
833 2126 954 2201 injurio
966 2120 1118 2188 Maurum
1131 2120 1286 2205 prohibet
1305 2123 1374 2205 lug.

188 2240 285 2321 ¹⁰721·
329 2235 425 2319 Apud
452 2234 580 2300 Livium
607 2238 716 2300 exstat
739 2233 940 2318 praepositio
970 2254 1000 2314 a,
1036 2237 1177 2300 obdtivus
1212 2233 1376 2300 iuvenitur

187 2352 272 2433 l,39,⁵
306 2352 414 2434 how,
438 2352 556 2433 31„„,.
600 2344 722 2412 Caesar
750 2345 942 2430 plerumque
970 2343 1063 2429 ponit
1090 2343 1278 2426 ablativum,
1298 2366 1374 2411 raro

183 2458 347 2543 reperitur
368 2457 568 2543 praepositio
596 2457 637 2523 of.
656 2455 733 2524 bell.
755 2456 831 2541 gall
854 2463 940 2544 lm
966 2463 1055 2544 4,34,4
1075 2457 1227 2525 Kiihuast
1247 2479 1279 2542 p.
1304 2463 1374 2523 170.

271 2570 307 2636 Β.
349 2569 460 2636 Verba
480 2569 695 2635 intransitiva

217 2762 219 2766 Ι
271 2703 457 2767 arrarum
478 2687 556 2748 aella
576 2681 615 2747 fr.
635 2683 674 2749 V.
701 2686 750 2748 13.

273 2800 441 2861 decedere:
462 2793 521 2860 illa
541 2793 681 2861 formido
702 2799 852 2861 meotidas
873 2793 1014 2861 decessit
1033 2794 1103 2878 lug.
1124 2800 1201 2881 41,3.

270 2907 381 2974 Livius
392 2906 495 2973 babet
506 2905 685 2973 ablativum
696 2913 731 2974 et
744 2906 1020 2992 praepositionem
1036 2928 1086 2985 ex,
1101 2927 1177 2973 raro
1189 2912 1238 2985 de,
1261 2906 1374 2973 Cicero

183 3019 346 3086 interdum
369 3041 390 3084 a
413 3014 452 3085 ol.
476 3017 582 3084 Kiihn.
606 3040 637 3104 p.
662 3025 733 3087 167.

272 3137 442 3198 recedere:
463 3130 591 3197 tardius
609 3131 754 3199 revooati
771 3134 894 3210 proelio
911 3135 1120 3197 excesserant
1133 3131 1202 3197 Cat.
1223 3137 1278 3217 9,4.
1321 3130 1374 3195 Li·

184 3245 255 3311 vius
283 3242 394 3311 multis
415 3243 497 3310 loeis
518 3248 656 3328 usurpat
677 3242 865 3322 ablativum,
886 3241 999 3309 Cioero
1022 3243 1103 3308 dioit
1123 3248 1186 3308 or'to
1207 3243 1373 3323 excedere,

184 3356 305 3424 Caesar
317 3363 392 3436 loro,
401 3377 523 3438 papan,
543 3355 616 3422 aliis
630 3354 711 3423 loeis
725 3354 889 3420 invenitur
896 3354 1095 3439 praepositio
1112 3376 1153 3421 ex
1168 3355 1208 3421 of.
1223 3356 1375 3423 Kiibnast

183 3491 215 3554 p.
239 3475 309 3537 169.

272 3587 425 3662 defluere:
452 3580 515 3646 uisi
542 3600 611 3665 qua
631 3580 752 3647 flumen
773 3579 896 3647 Clurda
920 3583 1023 3648 Tauro
1045 3589 1145 3647 monte
1167 3579 1312 3647 defluens
1334 3579 1373 3645 11.

182 3694 223 3760 Π.
247 3699 298 3760 31.

260 3808 418 3887 1119111111
439 3814 539 3871 monte
554 3804 623 3888 lug.
636 3809 705 3890 49,4
727 3804 881 3889 oollelug.
906 3811 983 3890 50,1.
1006 3804 1119 3871 Gioero
1133 3804 1300 3890 conjungit
1311 3803 1374 3870 hoe

184 3917 319 3984 verbum
341 3939 415 3984 oum
437 3916 734 4000 praepositionibus
755 3938 776 3981 o
796 3921 830 3982 et
852 3923 900 3995 de,
930 3917 1051 3984 Caesar
1076 3936 1150 3981 oum
1172 3937 1230 3992 ea,
1263 3915 1373 3981 Livius

184 4051 259 4096 uum
283 4051 305 4096 o
332 4035 371 4095 de
400 4049 440 4094 aa
470 4032 681 4112 etquattuor
710 4032 839 4094 tantum
867 4027 949 4095 loeis
982 4049 1056 4095 oum
1078 4025 1221 4094 ablativo
1244 4028 1313 4094 solo
1332 4028 1372 4093 ef.

183 4141 337 4209 Kaunoi
357 4163 388 4224 p.
413 4146 483 4207 1sv.
752 4121 758 4137 '

271 4258 476 4319 descendere:
498 4259 597 4317 monte
610 4251 679 4335 lug.
692 4255 758 4338 250„
781 4250 970 4331 caraussii.
990 4257 1039 4319 13.
1083 4252 1196 4319 Cicero
1218 4256 1252 4318 et
1264 4252 1373 4321 Livius

184 4387 313 4449 semper
341 4367 479 4429 utuntur
507 4361 804 4448 praepositionibus
833 4384 874 4429 ex
904 4370 943 4429 de
962 4367 1010 4429 ab.

271 4480 437 4542 desistere:
474 4480 595 4542 actione
623 4475 663 4542 fr.
697 4475 739 4542 II.
778 4480 829 4544 34.
862 4475 1066 4562 Praepositio
1099 4476 1142 4543 ab
1168 4480 1277 4543 exstat
1303 4475 1372 4560 lug.
