3134 5042
676 391 890 454 -27-

187 578 269 644 nihil
297 584 418 645 reontio
442 595 559 662 neque
587 581 714 658 inperio
737 579 801 664 agi,
831 579 900 645 fors
928 580 1037 646 omnia
1065 601 1180 665 regere
1200 582 1269 667 Iug.
1292 589 1375 670 51,1.

188 691 251 758 nisi
271 697 382 758 tamen
401 711 453 757 res
473 690 612 778 publica
631 692 756 777 pariter
775 713 816 757 ae
837 697 1012 758 oeconomo
1033 697 1161 773 imperio
1175 694 1259 761 bene
1278 702 1377 780 atque

192 803 311 870 decore
332 808 425 888 gesta
446 803 514 888 Ing.
539 808 644 892 inoffi.
675 804 914 890 cujuscocrilz'o
945 809 1072 870 tantam
1092 825 1161 871 rem
1183 812 1269 874 esset
1289 830 1379 874 men-

187 916 269 983 titus
283 916 352 982 Cat.
364 922 439 1002 48,g
463 916 503 981 of.
518 915 586 1000 lug.
602 922 688 1004 40,1.
711 938 840 996 qaorum
851 922 988 984 consilio.
1012 918 1113 1002 igitur
1125 919 1297 1003 utriusque
1305 942 1375 986 con-

187 1033 257 1095 silio
278 1028 347 1094 dies
368 1028 494 1094 insidiis
516 1029 672 1095 statuitur
692 1029 761 1113 Ing.
786 1035 868 1116 70,3.
896 1034 1054 1113 quantum
1084 1035 1208 1112 inpacto
1237 1052 1376 1116 possem,

188 1142 353 1226 aperirem
381 1141 450 1207 Cat.
474 1146 556 1226 53,6,
588 1161 673 1225 quae
701 1146 826 1224 tapecia
855 1147 1048 1208 exercentur
1076 1142 1143 1227 lug.
1169 1150 1228 1229 4,1.
1271 1148 1378 1210 totum

189 1254 259 1340 ejus
279 1274 416 1338 regnum
446 1257 547 1318 ocimo
574 1254 644 1338 jam
671 1254 838 1319 invaserat
864 1253 933 1338 Iug.
956 1260 1038 1340 20,6.
1066 1255 1137 1340 ipse
1164 1256 1260 1341 longe
1282 1256 1378 1322 aliter

189 1372 290 1432 ocimo
316 1364 466 1450 agitabat
486 1365 555 1449 lug.
580 1370 660 1452 ll‚1.
684 1385 768 1449 quae
790 1366 898 1431 animo
920 1366 1070 1450 agitabat
1087 1367 1155 1452 Iug.
1178 1373 1260 1455 63,1.
1283 1368 1378 1434 aliter

188 1485 288 1565 atque
311 1483 412 1544 ocimo
431 1476 569 1562 gerebat
588 1477 656 1562 Iug.
679 1483 761 1563 721.
783 1478 909 1544 mederi
928 1477 1093 1545 fraternae
1114 1480 1255 1546 invidiae
1277 1486 1377 1547 animo

188 1591 329 1660 ardebat
355 1592 424 1675 lug.
457 1596 507 1672 39,
514 1631 540 1677 5.
584 1590 666 1656 Aliis
690 1590 772 1657 loeis
801 1592 920 1676 legitm
953 1593 1152 1677 praepositio
1183 1614 1265 1659 cam:
1304 1615 1378 1659 eum

188 1705 295 1772 animo
327 1702 450 1770 babere
477 1703 546 1786 Iug.
575 1707 657 1789 ll‚8.
686 1703 818 1769 trahere
846 1724 919 1769 eum
950 1705 1058 1770 animo
1087 1705 1156 1789 Iug.
1188 1711 1270 1792 93‚1.
1304 1727 1377 1771 cum

188 1818 297 1885 animo
319 1820 474 1902 reputare
494 1815 563 1898 Iug.
587 1819 657 1901 l3‚5
683 1819 742 1881 eto.
772 1836 879 1899 neque
901 1835 941 1881 ex
962 1822 1057 1882 tanta
1078 1817 1289 1902 properantia
1309 1823 1378 1884 tam

189 1930 286 1996 facile
301 1932 446 1995 tractum
465 1926 586 1994 bellum
609 1927 758 1993 socordia
778 1928 883 2013 magis
906 1949 1004 2013 quam
1027 1936 1095 1995 dolo
1117 1930 1288 1996 crederent
1308 1930 1377 2015 Iug.

189 2047 265 2129 36,3.
287 2040 368 2107 nihil
390 2046 459 2107 dolo
478 2038 610 2121 iactum,
633 2060 672 2106 ac
687 2041 792 2125 magis
813 2046 982 2108 calliditate
991 2041 1170 2125 Iugurthae
1191 2041 1376 2130 Iug.107,3.

188 2176 262 2222 eum
284 2164 399 2220 cataro
422 2157 481 2217 loct
508 2157 579 2218 tum
609 2158 677 2219 dolo
711 2153 776 2238 ipsi
798 2158 898 2237 atque
920 2154 1013 2239 signa
1033 2153 1189 2219 militaria
1210 2154 1377 2220 obscurati

186 2268 255 2351 lug.
281 2271 365 2353 49‚5.
395 2264 471 2329 huic
500 2265 578 2348 quia
606 2264 711 2331 bonae
742 2269 830 2332 artes
852 2265 986 2347 desunt,
1021 2272 1098 2332 dolis
1120 2271 1219 2350 atque
1235 2271 1376 2347 fallaciis

188 2377 355 2446 contendit
376 2376 445 2443 Cat.
468 2380 550 2464 ll‚2.
574 2381 651 2443 dolis
672 2376 761 2443 baud
785 2377 961 2444 difficulter
978 2378 1192 2464 capiebantur
1207 2378 1276 2445 Cat.
1291 2384 1374 2464 lag.

187 2491 245 2558 ubi
266 2512 318 2556 me
339 2495 447 2555 iisdem
470 2495 547 2556 dolie
569 2510 633 2554 non
656 2490 727 2573 quit
749 2511 867 2575 capere
890 2491 959 2574 lug.
984 2497 1081 2577 itm.
1104 2490 1248 2557 sitalem
1270 2490 1375 2555 virum

188 2609 265 2670 dolis
285 2602 504 2669 interfecisset
524 2601 593 2686 Iug.
616 2608 676 2689 6,3.
703 2607 781 2668 dolis
801 2603 888 2668 vitae
908 2624 986 2669 suae
1008 2603 1196 2669 insidiatum
1210 2603 1278 2686 Iug.
1291 2608 1341 2682 22,
1349 2643 1374 2688 4.

186 2738 246 2802 per
275 2717 340 2782 vim
365 2719 424 2781 aut
453 2718 532 2779 dolis
552 2719 715 2800 temptare
735 2715 803 2799 Iug.
826 2721 909 2802 23‚1.
943 2721 972 2781 ct
994 2721 1052 2782 aut
1074 2722 1151 2782 dolis
1173 2736 1243 2781 sese
1263 2736 1375 2780 casum

186 2828 343 2895 victoriae
364 2827 568 2892 inventurum
590 2827 659 2911 Iug.
681 2832 762 2915 25,9.
785 2828 842 2894 ubi
869 2850 903 2895 se
927 2835 1004 2895 dolis
1034 2828 1167 2913 fatigari
1196 2827 1285 2893 videt
1306 2827 1374 2911 lug.

188 2947 273 3026 56η.
296 2940 445 3005 nationes
467 2937 557 3005 ierac
580 2944 613 3005 et
635 2940 748 3025 populi
767 2941 916 3025 ingentes
937 2947 967 3006 ot
989 2939 1117 3006 subacti
1138 2940 1206 3005 Cat.
1231 2944 1313 3026 1οη.
1336 2937 1374 3003 ci.

186 3053 254 3119 Cat.
278 3057 350 3138 43,2
378 3052 448 3135 Iug.
472 3057 523 3137 3‚2
548 3057 629 3138 13,2.
663 3053 835 3137 imperium
862 3052 959 3118 facile
991 3058 1030 3117 tir
1060 3056 1178 3118 ortibus
1206 3052 1375 3132 retinetur,

186 3165 304 3250 quibus
322 3168 454 3250 partum
477 3169 527 3229 est
548 3164 616 3229 Cat.
641 3170 702 3249 2,4.
727 3185 811 3247 quae
834 3169 974 3247 utraque
997 3169 1042 3228 eis
1064 3169 1182 3229 ortibus
1205 3171 1374 3247 auxerant,

186 3299 268 3362 quas
290 3297 390 3362 supra
419 3276 595 3341 memoravi
624 3275 693 3342 Cat.
717 3282 746 3356 5,
756 3316 779 3361 7.
811 3280 920 3341 duobis
952 3281 1000 3341 tis
1023 3280 1152 3355 ortibus,
1184 3283 1320 3344 onducto
1340 3280 1375 3343 in

185 3390 281 3471 belle,
303 3388 361 3456 ubi
381 3409 448 3474 pax
469 3392 638 3470 evenerat,
668 3393 824 3470 aequitate
852 3409 951 3473 seque
978 3410 1113 3474 remque
1133 3390 1298 3475 publicam
1319 3413 1374 3458 cu-

184 3503 305 3570 rabant
324 3502 393 3568 Gat.
419 3507 448 3581 9,
455 3544 480 3589 3.
508 3522 543 3568 se
564 3508 630 3567 sair
652 3506 771 3568 ortibus
793 3503 949 3588 temptari
975 3504 1119 3569 animum
1141 3503 1284 3570 advortit
1305 3505 1373 3590 Iug.

185 3621 271 3702 48,1.
300 3636 366 3681 non
394 3619 502 3680 iisdem
535 3619 654 3680 orthos
681 3614 853 3701 imperium
883 3637 903 3681 a
933 3615 1026 3683 vobis
1059 3621 1171 3702 petere
1198 3618 1373 3705 Iug.85,1.

184 3727 297 3794 furtim
320 3731 353 3792 et
373 3746 433 3812 per
453 3726 627 3793 latrocinia
647 3727 756 3814 potius
774 3749 873 3812 quam
887 3733 973 3794 bonis
991 3734 1109 3795 ortibus
1124 3730 1168 3795 ad
1185 3730 1373 3814 imperia...

184 3840 333 3907 nituntur
354 3839 423 3923 Ing.
446 3845 474 3920 4,
486 3881 509 3925 7.
541 3861 579 3905 eo
600 3848 669 3905 orte
691 3861 725 3906 se
749 3841 886 3926 quisque
906 3841 941 3906 in
960 3842 1099 3906 formam
1120 3861 1254 3927 parmae
1277 3864 1374 3926 eque·

185 3953 262 4019 stris
285 3959 393 4032 clupeo
418 3950 569 4017 armabat
590 3950 630 4016 ir.
651 3952 705 4018 IV.
730 3957 757 4017 l.
778 3954 925 4037 pericula
949 3958 1061 4019 virtute
1076 3954 1290 4038 propulerant
1304 3954 1373 4021 Cat.

185 4071 247 4152 bg.
272 4084 356 4149 quae
376 4063 517 4149 majores
539 4067 650 4128 strare
669 4084 828 4148 peperere
850 4065 904 4131 Or.
929 4066 1006 4150 Lep.
1030 4072 1059 4132 3.
1093 4067 1210 4147 Italici,
1236 4088 1374 4150 quorum

184 4181 296 4242 virtute
325 4175 453 4241 moenia
489 4173 743 4240 defensabantur
771 4175 840 4261 Ing.
870 4182 953 4261 iifl.
990 4177 1094 4244 victor
1125 4184 1236 4244 tamen
1262 4184 1374 4246 virtute

184 4287 301 4354 fuisset
320 4287 389 4371 Iug.
414 4292 490 4373 55,1.
519 4306 601 4370 quas
627 4307 759 4352 necesse
788 4293 839 4354 est
868 4294 981 4354 virtute
1012 4295 1046 4355 et
1068 4294 1243 4357 innocentio
1270 4293 1373 4357 tutari

183 4399 252 4483 Iug.
273 4405 359 4484 85,4.
383 4420 447 4483 quo
469 4397 598 4465 facilius
621 4403 731 4464 errata
754 4407 864 4481 officiis
888 4421 1022 4485 superes
1036 4401 1105 4484 Iug.
1124 4408 1244 4489 10210.
1267 4404 1372 4484 amici,

184 4533 266 4596 quos
287 4532 393 4596 neque
414 4517 509 4577 ormtr
541 4531 658 4595 cogere
681 4533 788 4597 neque
818 4535 896 4578 curo
923 4534 1042 4598 parare
1069 4535 1187 4598 queas:
1216 4521 1317 4596 officio
1340 4521 1373 4581 et
