3134 5042
234 1519 473 1665 dblativus,
499 1519 574 1622 qui
599 1520 764 1622 positus
791 1521 856 1602 est
881 1540 962 1622 pro
983 1521 1324 1603 instrumentali.

271 1707 456 1774 Communis
475 1666 548 1774 fons
569 1707 804 1789 ablativorum,
828 1729 910 1792 quos
932 1712 1094 1792 grammat
1094 1708 1137 1772 ici
1079 1708 1272 1774 tdicunt
1292 1714 1375 1774 obla-

184 1825 261 1885 tivos
288 1824 642 1898 instrumentarius
672 1825 706 1886 et
730 1826 827 1898 modi,
854 1841 949 1886 casus
969 1821 1020 1886 ins
1020 1824 1165 1886 ttrumen
1150 1819 1226 1885 talis
1247 1822 1376 1905 priscae

184 1932 357 1998 latinitatis
388 1936 447 1998 est.
489 1932 607 2016 Itaque
639 1932 722 1998 haec
751 1933 818 1998 tm‘a
846 1931 981 1998 ablativi
1008 1954 1129 2017 genera
1158 1934 1207 1997 ita
1233 1932 1319 1998 inter
1341 1953 1376 1998 se

185 2044 304 2110 similia
325 2049 416 2125 sunt,
443 2049 482 2126 ut
501 2045 613 2112 multis
633 2044 714 2110 locis
737 2045 878 2110 discerni
899 2066 965 2111 non
990 2046 1108 2129 possit,
1135 2050 1246 2111 utrum
1270 2065 1376 2110 sermo

185 2155 229 2222 sit
257 2156 297 2223 de
325 2157 560 2238 instrumento,
592 2178 635 2223 an
665 2178 764 2224 causa
796 2179 839 2221 an
863 2157 969 2223 modo.
1013 2157 1099 2238 Quid
1121 2158 1179 2238 sit,
1209 2178 1250 2222 ex
1275 2159 1377 2223 totius

185 2269 350 2335 enunciati
373 2273 494 2336 natura
515 2274 615 2354 atque
637 2291 735 2336 seusu
757 2269 973 2353 colligendum
995 2275 1054 2351 est,
1075 2291 1152 2335 nam
1170 2269 1285 2335 eodem
1300 2270 1377 2336 sub-

185 2382 326 2448 stantivo
356 2382 621 2462 instrumentum,
653 2402 804 2463 causam,
834 2382 966 2448 modum
992 2383 1175 2467 exprimere
1195 2403 1377 2467 possumus.

186 2494 294 2560 Unum
324 2493 427 2560 affero
457 2494 657 2579 exemplum:
684 2494 765 2559 mihi
783 2494 900 2574 -multo
921 2494 1036 2560 labore
1061 2495 1234 2579 pecuniam
1254 2496 1377 2579 peperi.

185 2606 329 2674 Vocibus
356 2606 478 2687 „multo
513 2605 647 2673 labore‘
674 2607 927 2672 instrumentum
959 2606 1114 2688 indicari,
1150 2608 1236 2672 inter
1266 2627 1377 2673 omnes

186 2723 322 2784 constat.
367 2719 424 2785 Sin
454 2718 544 2785 dico:
575 2720 697 2800 „multo
727 2717 861 2784 labore‘
882 2720 1022 2804 pecunia
1043 2724 1140 2804 parta
1163 2724 1221 2801 est,
1243 2720 1377 2785 eaedem
1443 2728 1446 2735 '

186 2851 281 2897 voces
304 2830 450 2898 indicant
480 2851 613 2897 causam
639 2831 691 2897 vel
711 2830 853 2897 modum.
897 2832 936 2897 In
956 2833 1067 2917 priore
1088 2832 1260 2897 enunciata
1282 2853 1377 2916 prae·

187 2943 334 3009 dicatum
353 2943 461 3009 activa
482 2943 587 3010 forma
607 2943 790 3028 profertur,
823 2943 910 3027 quod
941 2945 1104 3028 significat
1124 2945 1299 3027 imaginem
1319 2943 1378 3008 ho·

185 3055 281 3121 minis
309 3057 444 3140 agentis.
497 3056 580 3120 Eam
608 3060 718 3121 autem
751 3076 839 3136 rem,
873 3057 966 3141 cujus
995 3077 1096 3141 opera
1125 3056 1222 3122 homo
1253 3055 1378 3138 aliquid

187 3168 298 3249 iaciat,
320 3169 572 3234 instrumentum
592 3187 672 3247 esse,
700 3187 795 3233 nemo
818 3171 869 3233 est
890 3169 969 3251 quin
989 3172 1094 3250 neget.
1137 3169 1176 3233 ln
1196 3167 1378 3252 posteriore

109 3322 112 3327 >
186 3281 359 3347 enunciata
382 3280 565 3365 subjectum
588 3285 637 3345 est
658 3299 712 3344 res
732 3283 816 3345 acta.
861 3279 955 3360 Quod
969 3299 1023 3345 res
1038 3283 1147 3344 autem
1160 3279 1377 3346 instrumento

185 3396 236 3460 uti
257 3416 323 3460 non
350 3397 478 3478 potest,
511 3391 547 3458 id
566 3391 654 3475 quod
683 3391 779 3458 unius
803 3392 942 3458 hominis
966 3398 1033 3474 est,
1059 3392 1122 3458 hoc
1154 3394 1226 3458 loco
1256 3392 1377 3473 „multo

185 3506 318 3573 labore“
349 3506 548 3571 veleaasam
577 3504 776 3571 velandam
805 3505 975 3571 reiectae
1007 3505 1139 3572 indicat.
1193 3507 1301 3586 Quare
1329 3504 1377 3585 fit,
1431 3550 1440 3569 -.

186 3624 224 3685 ut
251 3620 286 3683 in
314 3617 423 3685 verbis
460 3617 600 3701 passivis
629 3619 681 3683 vel
710 3617 925 3684 intransitivis
955 3639 1031 3685 raro
1062 3617 1236 3704 dijudicari
1264 3617 1377 3702 possit,

186 3735 296 3797 utrum
316 3730 478 3796 ablativus
499 3730 542 3795 sit
563 3729 821 3797 instrumentalis
844 3753 886 3797 an
909 3731 1058 3797 causalis.
1103 3731 1138 3797 Si
1159 3751 1230 3796 rem
1252 3734 1377 3812 gestam

187 3847 382 3926 spectamus,
405 3841 546 3908 causalis
556 3841 694 3923 videtur,
718 3843 745 3907 si
760 3842 924 3910 hominem
949 3842 1378 3927 agenteminstrumentalis.

86 3937 90 3942 ’
187 3955 282 4021 Tales
304 3955 465 4020 ablativos
485 3954 704 4020 nominamus:
727 3940 897 4036 „Aiilative
919 3955 1127 4022 instrumenti
1148 3955 1208 4020 mit
1228 3955 1378 4021 causaler

186 4066 406 4151 Bedeutung.“

273 4179 392 4245 Omnes
420 4176 581 4244 ablativos
603 4178 887 4257 instrumentales,
926 4178 982 4261 qui
1012 4178 1166 4261 leguntur
1191 4179 1279 4264 apud
1308 4179 1378 4244 Sal-

186 4292 320 4357 lustium
347 4309 553 4371 enumerare,
581 4289 713 4373 longum
744 4294 803 4355 est.
847 4288 974 4369 Affcro,
1002 4310 1084 4374 quos
1113 4292 1261 4375 congessi
1289 4291 1378 4356 etin

188 4403 334 4470 ordinem
371 4401 533 4487 quendam
563 4402 684 4486 redegi.
729 4406 874 4468 Portibus
911 4408 1051 4482 corporis
1080 4403 1220 4487 primum
1256 4403 1379 4468 utimur

187 4515 412 4581 instrumentis
450 4520 484 4580 et
512 4514 630 4599 agendi
672 4514 843 4581 subsidiis:
881 4519 939 4581 ant
981 4537 1073 4582 mona
1106 4515 1290 4599 significare
1322 4519 1380 4580 aut
