3134 5042
691 383 883 441 ..p-

192 534 341 646 ablativa
360 560 489 630 Cacsar
512 586 563 642 ex,
586 564 695 630 Livius
718 565 787 630 fere
810 566 959 631 omnibus
981 567 1061 632 locis
1082 569 1175 651 ponit
1192 568 1382 649 ablativum,

192 683 364 761 praeterea
385 675 537 743 crebrius
559 696 599 741 ex
622 698 721 760 quam
743 698 772 742 a.
796 677 835 742 cf.
859 677 1010 744 Kiihuast
1030 701 1061 762 p.
1084 686 1156 745 166.

280 794 480 855 abstrahere:
503 794 541 855 ob
562 793 639 854 bono
662 794 848 870 honestoque
865 791 899 855 in
921 812 1058 874 pravum
1077 791 1145 875 lug.
1170 798 1245 878 293.

282 910 441 968 avertere:
464 905 754 967 armaobbostibas
767 901 836 967 Cat.
860 909 942 989 5333
955 904 1077 988 oppida
1098 908 1136 969 ob
1158 908 1293 970 hostibus
1314 905 1383 988 lug.

195 1021 260 1100 333
294 1034 387 1078 arma
418 1018 456 1079 ob
485 1019 625 1079 externis
653 1014 688 1079 in
718 1004 846 1080 nosmet
870 1036 967 1080 vorsa
993 1015 1046 1081 Or.
1069 1017 1146 1100 Lep.
1178 1022 1226 1082 19.
1272 1017 1383 1083 Cicero

198 1131 233 1191 et
250 1126 371 1193 Caesar
392 1147 521 1210 quoque
544 1130 669 1209 ponunt
690 1126 964 1210 praepositionem
979 1149 1008 1193 a.
1039 1128 1133 1193 Solus
1153 1127 1315 1194 ablativus
1335 1129 1384 1193 in-

198 1240 328 1304 venitur
340 1237 460 1304 Caesar
478 1237 553 1303 bell.
578 1237 660 1302 civil
685 1243 770 1325 3333
795 1238 928 1304 consilio
940 1239 1067 1304 destitit
1088 1245 1187 1323 atque
1208 1261 1247 1305 eo
1268 1240 1384 1305 itinere

199 1372 269 1416 sese
288 1348 415 1415 avertit.
437 1349 548 1415 Livius
564 1370 692 1433 semper
708 1349 844 1416 adhibet
855 1351 1131 1436 praepositionem
1144 1373 1170 1416 6.
1185 1353 1225 1417 cf.
1235 1351 1386 1418 Kiihnast

194 1485 225 1546 p.
251 1467 321 1528 167.

281 1580 457 1640 continere:
479 1575 890 1660 animumalubidinelug.
918 1581 982 1663 163
1007 1576 1046 1641 of.
1058 1575 1199 1641 Livium:
1219 1577 1384 1643 continere

194 1708 265 1752 rem
286 1686 328 1752 ab
350 1685 564 1752 seditionibus
586 1692 683 1774 3333.

283 1806 434 1876 deficere:
457 1804 495 1865 ob
518 1820 594 1880 repe
614 1798 683 1881 lug.
708 1804 774 1886 563
799 1805 838 1865 cb
859 1821 895 1864 se
916 1800 985 1884 lug.
1008 1806 1083 1886 663.

283 1915 442 1976 detinere:
482 1933 503 1976 a
537 1932 597 1991 qao
631 1916 753 1991 incepto
792 1917 954 1993 studioque
988 1935 1040 1978 me
1061 1964 1069 1978 .
1093 1963 1100 1977 .
1124 1963 1162 1977 ..
1200 1912 1385 1978 detinuerat

196 2024 265 2089 066.
288 2029 344 2109 43.

283 2141 468 2217 dr‘joapere:
481 2136 670 2223 'dijunotum
684 2136 828 2220 undiquc
849 2137 959 2221 regnis
981 2141 1019 2202 ob
1039 2143 1167 2218 imperio
1190 2158 1302 2204 eorum
1323 2139 1383 2222 Ep.

195 2248 307 2314 Mithr.
331 2254 380 2314 10.
425 2248 633 2332 Cappadocia
657 2254 695 2314 ab
718 2253 864 2315 Armenio
886 2248 1065 2334 dijungitur
1086 2249 1125 2314 ir.
1147 2250 1201 2316 IV.
1224 2254 1274 2316 51.

283 2365 450 2426 dimittere:
475 2366 623 2426 charmis
645 2360 684 2426 fr.
707 2360 762 2426 ΠΙ.
786 2366 837 2428 38.
881 2361 1084 2446 Praepositio
1107 2382 1128 2425 a
1149 2360 1237 2445 apud
1258 2360 1385 2426 Livium

197 2471 297 2538 semel
313 2472 484 2553 iuvenitur,
508 2472 620 2538 multis
635 2472 716 2538 locis
731 2495 780 2554 ex,
802 2478 840 2539 ut
853 2473 941 2557 apud
952 2473 1124 2538 Caesarem
1147 2477 1181 2538 66
1197 2472 1385 2537 Ciceronem

197 2585 254 2668 qui
275 2584 368 2650 verr.
392 2590 495 2670 2,32‚79
520 2584 624 2651 solum
646 2584 824 2651 ablativum
845 2587 938 2670 ponit
960 2585 1000 2651 cf.
1021 2585 1173 2650 Kiihuast
1193 2607 1225 2668 p.
1250 2590 1320 2651 168.

285 2701 462 2761 discedere:
493 2697 700 2782 conjunctum
728 2704 778 2764 est
808 2719 882 2763 cum
910 2719 947 2763 a:
978 2702 1016 2762 ab
1040 2701 1135 2762 Zama
1160 2697 1228 2779 lug.
1256 2702 1319 2781 613
1345 2701 1383 2761 ab

197 2816 292 2876 armis
313 2809 382 2875 Cat.
407 2813 471 2894 3451
498 2814 562 2895 3ii‚2
585 2809 653 2892 lug.
682 2814 748 2896 213
775 2831 850 2876 cum
873 2831 929 2875 ea:
961 2831 1001 2875 ex
1023 2815 1135 2875 eastris
1159 2809 1228 2875 066.
1252 2814 1317 2895 363
1344 2830 1385 2872 ea

197 2927 336 2988 contione
357 2922 427 3005 Iug.
458 2927 534 3007 343.
579 2922 701 3002 Cicero,
732 2923 863 3004 Caesar,
889 2923 999 2988 Livius
1028 2922 1219 3005 plerumque
1247 2941 1383 3004 praepo·

197 3035 312 3100 sitione
334 3055 355 3100 a
378 3039 524 3115 utuntur,
547 3035 654 3100 rarius
677 3055 726 3115 ex,
748 3035 912 3101 interdum
934 3035 983 3100 de.
1027 3034 1196 3101 Ablativus
1219 3033 1385 3118 conjungi-

196 3152 251 3212 tur
273 3169 346 3213 cum
368 3147 551 3214 nominibus
573 3147 704 3213 urbium
727 3147 767 3212 cf.
790 3146 941 3212 Kiihnast
961 3169 992 3230 p.
1018 3152 1088 3213 166.

283 3265 464 3326 dissentire:
486 3264 524 3325 ob
545 3260 745 3343 reliquorum
773 3264 861 3323 molis
883 3263 1016 3324 moribus
1039 3258 1107 3325 066.
1131 3264 1175 3345 33
1197 3258 1237 3323 cf.
1258 3259 1385 3324 Livium

198 3378 231 3439 et
251 3374 432 3440 Caesarem.
477 3373 573 3457 Apud
594 3373 781 3440 Ciceronem
809 3376 942 3455 praeter
962 3372 1221 3456 praepositiones
1249 3393 1322 3438 cum
1352 3375 1385 3436 et

195 3486 290 3566 inter,
312 3486 440 3551 dativus
464 3507 593 3570 quoque
617 3490 735 3551 exstat.
780 3484 820 3550 cf.
842 3484 994 3550 Kiihnast
1013 3507 1044 3568 p.
1069 3490 1139 3552 166.

283 3604 446 3664 divellere:
467 3598 589 3664 liberos
611 3619 631 3662 6
652 3603 825 3683 parentum
847 3599 1018 3681 complexu
1040 3597 1109 3663 066.
1134 3603 1209 3682 513.
1330 3600 1335 3605 ’

284 3715 440 3775 dividere:
474 3708 559 3776 freto
592 3710 686 3776 divisi
722 3710 764 3776 ab
792 3710 952 3793 Hispania
971 3710 1039 3792 Ing.
1079 3714 1153 3795 163.
1203 3708 1258 3790 qui
1292 3707 1384 3774 locus

197 3821 379 3906 Aegyptum
401 3822 443 3888 ab
468 3821 581 3889 Africa
604 3822 720 3888 dividit
741 3824 810 3906 lug.
836 3828 911 3909 193.

283 3939 423 4014 erepere:
447 3935 820 4020 esseroiiateCat.48,1
847 3954 863 3998 e
879 3938 1023 4014 periculo
1044 3933 1112 3997 066.
1136 3938 1204 4016 483
1226 3953 1267 3996 ea
1288 3938 1384 3997 moni-

197 4049 253 4110 tos
277 4047 346 4130 lug.
376 4052 443 4133 623
471 4046 510 4109 cl.
534 4045 705 4111 Caesarem
739 4051 772 4110 et
800 4045 934 4110 Livium.
979 4044 1075 4129 Apud
1103 4043 1298 4123 Ciceronem,
1328 4044 1385 4126 qui

198 4157 333 4223 adhibet
369 4157 629 4242 praepositiones
660 4156 709 4235 de,
747 4177 767 4221 a
797 4160 830 4220 et
859 4155 1038 4221 ablativum
1065 4158 1178 4236 solum,
1208 4155 1300 4220 deest
1335 4176 1384 4219 ex.

196 4268 348 4334 Kiibnast
375 4292 406 4353 p.
439 4276 509 4337 169.
539 4272 692 4348 periculis
721 4267 790 4332 066.
823 4273 888 4352 46,3
912 4274 1050 4334 monibus
1077 4269 1146 4351 Iug.
1173 4273 1255 4353 2433
1284 4266 1384 4333 dativi

198 4389 281 4464 sunt,
304 4403 368 4447 non
390 4381 533 4446 ablativi.
