3134 5042
674 377 889 437 ..64-

188 558 332 643 gurthini
352 560 444 643 signo
466 560 544 624 dato
561 566 670 625 castra
685 559 827 624 hostium
847 560 1004 624 invadunt
1023 560 1092 643 lug.
1109 565 1192 645 21‚2.
1214 563 1380 624 sollicitata

182 677 275 752 plebe
304 677 337 738 et
368 677 439 738 aliis
468 693 625 737 novarum
658 695 767 738 rerum
795 678 894 737 uiridis
986 671 1159 737 condidere
1195 672 1264 755 Ing.
1297 677 1379 757 19η.

186 805 294 868 pauca
317 790 481 864 praesenti
518 789 644 850 consilio
672 784 802 851 locutus
832 785 900 868 Ing.
923 790 1003 871 29,5.
1034 789 1263 864 cupientissimo
1287 788 1381 863 plebe

189 897 301 961 consul
330 896 436 963 factus
466 897 535 981 lug.
563 903 646 982 84,1.
678 896 789 962 multis
818 896 898 962 locis
920 898 1053 981 potitus,
1084 917 1124 962 ac
1147 896 1311 981 plerisque
1333 902 1380 960 iu-

188 1020 315 1074 crueuto
343 1014 493 1086 esuum,
520 1008 618 1074 aliam
647 1031 715 1074 rem
745 1009 936 1093 aggreditur
966 1009 1035 1093 Ing.
1059 1014 1110 1089 92,
1122 1050 1147 1094 4.
1171 1030 1263 1074 arma
1285 1030 1381 1074 orna-

187 1127 321 1205 tumque
347 1126 555 1187 mutaverant
582 1126 684 1202 cupite
713 1127 812 1205 atque
830 1126 964 1201 pedibus
985 1126 1079 1186 nudis
1100 1122 1169 1205 Iug.
1193 1127 1275 1206 94,1.
1296 1121 1381 1185 inte-

187 1234 249 1299 rim
264 1238 409 1311 omuibus,
432 1238 578 1299 Romanis
596 1238 803 1315 hostibusque,
825 1233 949 1319 proelio
964 1238 1098 1310 intectis,
1121 1254 1241 1318 magna
1266 1234 1382 1298 utrim-

189 1366 252 1428 que
272 1346 303 1411 vi
325 1366 385 1430 pro
408 1346 512 1429 gloria
532 1350 631 1429 atque
652 1346 786 1430 imperis
807 1352 866 1424 bis,
887 1352 947 1412 illis
971 1368 1030 1431 pro
1054 1347 1159 1412 salute
1182 1350 1381 1421 certantibus,

189 1463 322 1543 repente
352 1465 487 1542 atergo
516 1459 609 1542 signa
638 1479 755 1524 canere
782 1460 851 1543 Ing.
870 1466 920 1537 94,
927 1500 952 1544 5.
984 1464 1115 1539 defessis
1144 1459 1214 1543 jam
1246 1461 1383 1522 hostibus

189 1576 223 1635 et
244 1569 342 1654 paulo
374 1576 450 1635 ante
483 1592 595 1636 somno
625 1577 724 1651 captis
747 1571 787 1637 de
809 1572 984 1656 improviso
1005 1571 1118 1655 vigiles
1214 1571 1307 1654 signa
1328 1590 1383 1634 ca·

189 1704 266 1748 nere
288 1683 356 1766 lug.
381 1688 462 1768 99‚1.
485 1684 610 1767 pariter
632 1705 671 1749 ac
692 1689 869 1750 saevissimo
891 1689 1018 1764 imperio
1048 1683 1121 1749 lene
1143 1689 1242 1767 atque
1265 1682 1384 1747 decore

191 1800 284 1879 gesta
304 1796 372 1878 Ing.
398 1801 502 1880 inoffi.
525 1795 673 1861 consules
695 1796 820 1861 fecistis
910 1796 996 1861 dorni
1018 1796 1163 1879 bellique
1177 1799 1384 1874 impedissiruu

190 1912 371 1987 republica
394 1907 447 1973 Or.
470 1907 552 1973 coa.
576 1915 603 1974 6.
648 1913 735 1974 Sulla
756 1919 875 1973 mortuo
898 1958 954 1973 ...
979 1907 1076 1973 finem
1098 1908 1176 1973 mali
1199 1906 1385 1972 credebatis

191 2019 245 2085 Or.
267 2018 368 2085 Macr.
391 2027 421 2086 9.
465 2020 651 2106 Bithyniam
674 2026 838 2086 Nicomede
860 2033 977 2086 mortuo
1007 2021 1170 2103 diripuere
1193 2020 1251 2103 Ep.
1274 2019 1383 2106 Mithr·

192 2138 220 2199 9.
246 2137 386 2197 restituto
414 2131 530 2197 deiude
560 2132 648 2217 apud
670 2131 831 2199 Caberam
861 2138 1000 2198 exercitu
1030 2138 1063 2198 et
1091 2137 1188 2197 acriis
1217 2133 1304 2195 inter
1331 2152 1384 2194 me

192 2250 291 2327 atque
314 2244 485 2310 Lucullum
501 2250 633 2324 proeliis
654 2245 766 2329 inopia
790 2267 903 2311 rursus
919 2245 1032 2310 ambos
1050 2244 1184 2309 incessit
1198 2243 1256 2327 Ep.
1274 2243 1384 2308 Mithr.

195 2362 242 2422 15.
266 2362 377 2422 ceteris
408 2362 586 2436 expertibus
616 2358 677 2422 soli
704 2358 738 2422 in
764 2356 901 2441 imperio
929 2377 1027 2440 agere
1053 2356 1384 2440 1111111111-

192 2491 284 2534 corsu
306 2475 459 2534 uoluutuie
482 2469 652 2552 conloquio
674 2468 831 2535 militibus
860 2470 1019 2553 permisso
1046 2469 1212 2553 corruptio
1234 2468 1323 2533 facta
1344 2466 1384 2533 f.

191 2581 216 2645 I.
242 2586 291 2646 57.
314 2586 412 2646 auidis
436 2587 535 2664 atque
556 2582 604 2646 ita
620 2586 774 2661 promptis
799 2586 926 2647 ducibus
947 2581 986 2646 fr.
1009 2581 1048 2646 Π.
1075 2587 1123 2647 19.

279 2692 449 2777 Participii
470 2692 542 2758 loco
565 2693 764 2760 adhibentur
786 2693 1007 2759 substantiva:
1048 2672 1050 2677 ’

281 2811 363 2871 dux:
393 2805 449 2888 qui
472 2805 583 2871 Aenea
606 2812 685 2871 duce
714 2805 845 2890 profugi
868 2805 999 2871 sedibus
1025 2805 1159 2870 incertis
1181 2803 1388 2888 vagabantur

194 2918 263 2983 Cat.
288 2923 317 2996 6,
334 2960 359 3002 1.

281 3036 407 3095 cousul:
429 3030 463 3094 L.
488 3031 627 3096 Caesare
651 3030 688 3096 G.
702 3030 819 3114 Figulo
842 3030 1028 3096 consulibus
1043 3030 1111 3096 Cat.
1138 3029 1278 3113 li,1.cf.
1305 3033 1387 3114 18,2.

196 3148 279 3228 38η.
302 3142 355 3207 Or.
381 3141 481 3207 Macr.
508 3149 555 3208 lo.
578 3142 617 3206 fr.
638 3143 661 3207 Ι.
688 3148 714 3207 l.
737 3149 766 3209 8.

282 3255 400 3338 quibus
424 3259 606 3334 Juouutibus
636 3259 805 3335 quibusque
831 3259 979 3319 ministris
1007 3274 1046 3318 ea
1076 3254 1180 3337 egerit
1206 3254 1275 3336 Ing.
1300 3258 1350 3331 33,
1361 3294 1387 3337 4.

197 3371 265 3446 quis
295 3370 491 3445 adsutoribus
522 3387 632 3450 regem
664 3388 838 3450 aggressus
874 3366 1013 3451 impellit
1036 3366 1104 3449 Ing.
1133 3372 1216 3451 80,3.
1247 3370 1389 3429 maximis
1509 3352 1510 3355 ¹

197 3483 325 3544 ducibus
345 3483 540 3557 streuuisque
561 3483 709 3544 ministris
731 3479 769 3544 fr.
793 3479 858 3545 Inc.
884 3484 953 3544 102.

284 3590 470 3656 Particulae
492 3600 527 3655 ut
547 3591 599 3655 vel
620 3595 722 3667 sicuti,
746 3591 857 3656 confer
884 3594 968 3656 Caes.
991 3590 1066 3656 bell.
1079 3590 1153 3674 gall.
1176 3596 1286 3675 3,13‚3.
1309 3589 1390 3653 laeti

196 3710 234 3768 nt
256 3703 426 3787 explorata
447 3702 592 3768 victoria.
622 3702 696 3768 bell.
727 3703 809 3768 civil.
833 3708 946 3789 2‚13,2.
976 3709 1014 3768 ut
1041 3725 1078 3769 re
1102 3702 1250 3767 confecta
1277 3722 1388 3766 omues

198 3837 310 3881 curam
332 3821 366 3880 et
387 3814 590 3899 diligentiam
605 3815 776 3881 remittunt
797 3820 857 3880 etc.
880 3814 920 3879 cf.
946 3814 1080 3880 Fischer
1101 3817 1119 3900 ξ
1141 3820 1181 3879 47
1206 3815 1294 3898 apud
1317 3813 1387 3877 Sal·

195 3930 328 3993 lustium
343 3948 408 3992 non
421 3927 636 4007 inveniuntur,
659 3928 779 4011 legitur
794 3933 883 4007 quusi
899 3949 964 3992 nuo
977 3928 1049 3992 loco
1060 3928 1128 4010 Ing.
1148 3932 1251 4011 10113.
1276 3925 1388 3990 consul

199 4045 288 4121 quusi
311 4046 393 4104 uuiio
415 4045 553 4120 imposito
575 4041 683 4105 omnia
704 4040 884 4124 providere.

284 4152 398 4234 Neque
429 4152 601 4218 Sallustius
630 4173 735 4236 neque
758 4152 878 4218 Caesar
908 4153 1012 4219 utitur
1042 4151 1186 4218 ablativo
1208 4156 1319 4229 nubilo,
1340 4171 1387 4214 se·

198 4286 274 4330 reuo
297 4264 415 4329 omisso
444 4264 656 4344 substantivo,
691 4265 747 4348 qui
774 4264 895 4348 legitur
917 4264 1005 4350 apud
1026 4265 1152 4330 Livium
1183 4269 1280 4349 31,12.
1301 4268 1352 4343 23,
1363 4304 1387 4348 7.

200 4377 239 4441 cf.
263 4375 397 4440 Fischer
418 4377 436 4461 ᾗ
458 4382 509 4441 47.
533 4382 638 4442 audito
660 4381 768 4441 exstat
790 4376 828 4442 fr.
852 4377 889 4443 V.
912 4382 960 4441 11.
983 4388 1135 4457 comperto
1156 4376 1194 4441 fr.
1219 4378 1255 4440 V.
1280 4383 1327 4441 10.

285 4487 382 4551 Nullo
404 4489 475 4551 loco
502 4486 636 4552 ablativi
658 4488 840 4571 praedicati
872 4491 1110 4572 conjunguntur
1141 4510 1214 4553 cum
1237 4488 1388 4552 ablativis
