3134 5042
747 316 961 375 ..46-

347 509 470 564 111111-
492 504 620 565 rasum
640 497 756 564 urbem
775 506 859 581 suan
874 502 908 563 et
928 502 1075 564 caedibus
1091 497 1146 563 Or.
1159 498 1236 583 Lep.
1255 504 1305 563 17.
1329 499 1460 583 quippe

262 616 357 676 vaste
377 611 475 676 111111
495 616 617 692 rapinis
634 618 717 693 fune
738 614 886 677 caedibus
908 609 948 676 fr.
969 611 994 675 1.
1018 615 1069 676 36.

348 723 517 790 Accedunt
528 723 699 809 adjectiva,
718 744 804 808 quae
821 723 920 789 animi
934 722 1121 808 perturbati
1130 727 1238 789 motus
1252 722 1461 789 describunt
1550 717 1551 750 ³

348 841 480 902 anxius:
500 841 552 902 irn
572 840 606 901 et
624 846 706 902 netu
727 836 844 903 auxius
863 836 932 920 Ing.
957 841 1006 915 11,
1019 842 1048 902 8.
1080 835 1216 921 cupidus
1237 837 1375 921 incepta
1399 856 1463 919 pa·

260 948 371 1014 trandi
393 954 427 1015 et
448 953 556 1014 timore
577 949 658 1014 socii
679 949 796 1015 anxius
817 948 886 1033 lug.
908 955 992 1035 ioffi.
1030 953 1091 1015 iilis
1112 947 1152 1014 fr.
1174 948 1199 1013 L
1222 954 1272 1014 55.

348 1068 466 1127 uetus.-
510 1064 619 1141 quibnr
647 1064 740 1127 rebus
772 1060 911 1145 Micipsa
944 1060 1014 1144 lug.
1037 1066 1098 1147 ⁶22·
1146 1064 1302 1126 Genitinus
1329 1059 1463 1145 pendet

262 1194 303 1239 ex
322 1173 429 1240 laetus
449 1172 487 1239 fr.
510 1172 550 1238 11.
574 1178 624 1240 91.
663 1180 794 1255 fnipun
809 1178 981 1254 pabulique
995 1172 1103 1239 laetus
1125 1192 1213 1257 ager.

347 1286 398 1351 Ex
417 1283 642 1370 hujuscemodi
670 1284 832 1366 ablativis,
862 1306 944 1369 quos
965 1284 1062 1350 modo
1091 1285 1262 1365 nominari,
1287 1290 1383 1350 ortus
1408 1289 1463 1349 est

262 1399 290 1463 ie
313 1397 485 1477 ablativus,
516 1418 613 1482 quem
634 1398 838 1481 grammatiei
860 1397 981 1464 dieunt.
1025 1401 1194 1463 Abiatinnn
1218 1403 1381 1463 relationis
1406 1396 1462 1461 vel

262 1515 458 1576 limitationis.
488 1508 717 1576 Circumscribi
732 1514 842 1594 potest
860 1509 1018 1577 formula:
1041 1509 1149 1594 „quod
1170 1510 1290 1577 attinet
1304 1510 1378 1590 ad“,
1403 1507 1460 1574 vel

263 1627 432 1706 „respectu
453 1622 531 1702 rei“,
554 1623 700 1703 „ratione
719 1621 863 1688 habita“.

348 1740 488 1800 aduitus:
509 1735 626 1800 timens
647 1736 830 1819 privignum
851 1735 998 1801 adultum
1022 1745 1125 1801 aetate
1144 1736 1212 1802 Cat.
1237 1741 1286 1817 15,
1294 1778 1318 1822 2.

348 1867 461 1926 uener:
478 1851 613 1927 penitus
634 1868 733 1932 aeger
755 1847 824 1913 Cat.
847 1855 930 1934 59‚4.
973 1848 1100 1913 animus
1122 1869 1219 1929 nuper
1240 1853 1376 1914 avaritia
1404 1848 1458 1912 fa-

263 1957 324 2024 nile
348 1979 521 2025 conversus
545 1964 595 2024 est
615 1959 683 2043 Iug.
707 1965 790 2046 29‚1.

348 2077 493 2150 amplior:
516 2072 694 2137 exercitum
716 2092 843 2138 numero
863 2073 1030 2138 homiuum
1051 2073 1251 2157 ampliorem,
1271 2071 1329 2137 sed
1350 2071 1456 2137 hebe-

261 2187 328 2247 tem
348 2182 575 2267 infirmumque
595 2184 664 2268 lug.
687 2191 768 2272 54,3.

349 2299 524 2373 bellicosius:
547 2296 635 2379 quod
651 2307 766 2363 nutura
778 2318 856 2381 gens
870 2297 997 2362 Gallica
1009 2296 1165 2362 bellicosa
1180 2303 1267 2362 esset
1287 2297 1454 2383 0111111.

350 2413 459 2473 benur:
489 2413 523 2475 et
542 2408 667 2492 proelio
697 2415 849 2476 strenuus
870 2416 943 2475 erat
964 2415 997 2475 et
1015 2409 1120 2475 bonus
1143 2414 1269 2475 consilio
1290 2410 1359 2492 lug.
1384 2416 1415 2488 7,
1428 2452 1455 2496 5.

263 2520 373 2606 plures
396 2519 614 2585 Adherbalem
638 2527 828 2605 sequuntur,
849 2523 906 2587 sed
928 2522 1020 2588 illum
1042 2522 1180 2587 alterum
1203 2526 1279 2586 belin
1299 2523 1455 2587 meliores

262 2634 331 2715 lug.
357 2637 439 2718 13‚1.
478 2638 536 2698 aut
563 2634 661 2698 rudes
683 2655 756 2699 eum
778 2638 856 2700 belin
877 2634 1067 2701 melioribus
1087 2656 1219 2700 manum
1241 2639 1456 2699 consererent

262 2745 331 2828 lug.
355 2751 441 2831 49‚2.

350 2867 480 2937 captus:
500 2857 611 2923 mitem
635 2864 668 2923 et
691 2863 823 2942 captum
839 2863 974 2938 pedibus
995 2859 1035 2923 fr.
1057 2860 1098 2925 Π.
1121 2864 1170 2923 36.

350 2974 501 3050 difficilis:
524 2969 617 3035 nobis
639 2976 726 3035 aditu
748 2969 890 3036 difficilis
914 2972 982 3054 lug.
1005 2976 1095 3052 91,7.

344 3087 467 3163 facitis:
490 3082 649 3147 facundus
671 3082 809 3149 callidus
832 3089 866 3149 et
887 3089 1022 3148 amicitie
1040 3082 1146 3149 facilis
1169 3083 1237 3166 lug.
1262 3091 1345 3169 95,3.

348 3199 549 3275 infecundus:
571 3215 649 3278 ager
673 3195 803 3279 frugum
818 3195 944 3276 fertilia,
966 3195 1071 3261 bonus
1092 3197 1212 3279 pecori,
1234 3201 1348 3262 arbore
1370 3195 1455 3261 infe·

265 3305 389 3371 eundue
410 3307 478 3391 lug.
506 3312 588 3393 115.

348 3424 500 3500 inferior:
521 3427 607 3486 nuiin
628 3430 697 3485 nrte
720 3422 872 3505 cuiquam
893 3421 932 3485 fr.
954 3421 994 3486 Π.
1016 3427 1066 3487 87.

350 3537 490 3612 intonen:
515 3539 605 3612 faunu
630 3537 664 3597 et
682 3539 819 3605 fortunis
847 3533 974 3617 integer
1001 3555 1081 3617 agas
1103 3533 1157 3600 Or.
1174 3535 1256 3600 con.
1281 3542 1308 3600 5.
1353 3540 1452 3614 copiis

263 3644 391 3727 integra
412 3644 451 3710 fr.
473 3644 513 3709 H.
536 3651 586 3711 95.

348 3762 468 3836 imper:
491 3757 568 3840 quia
588 3769 725 3823 materno
748 3778 865 3837 ponere
885 3751 991 3842 impar
1013 3765 1085 3825 erat
1103 3760 1171 3842 lug.
1197 3765 1278 3845 ll‚3.
1307 3761 1450 3842 impares

264 3874 475 3949 ineptitudine
495 3870 656 3957 Iug.78‚2.
686 3876 830 3935 ceterum
847 3881 985 3936 materno
1006 3873 1239 3956 uenereimpar
1263 3872 1331 3955 lug.
1346 3877 1448 3957 108,1.

350 3988 467 4062 major:
490 3982 640 4066 legantur
662 3988 772 4048 tamen
794 3984 828 4046 in
851 3983 994 4048 Africam
1016 3986 1156 4069 majores
1176 3996 1252 4050 nutu
1272 3985 1341 4068 lug.
1364 3990 1447 4070 25‚4.

344 4115 425 4175 pnr:
460 4095 547 4178 quod
575 4116 681 4178 neque
711 4116 745 4161 se
774 4116 888 4179 parem
917 4101 1013 4161 arnis
1043 4096 1251 4163 existimabat
1271 4097 1340 4181 Iug.
1363 4103 1447 4184 20‚5.

266 4208 371 4271 scalae
403 4228 501 4291 pares
532 4209 694 4273 moenium
728 4213 891 4274 altitudine
919 4209 958 4274 fr.
987 4210 1040 4276 IV.
1064 4215 1114 4275 55.
1161 4215 1211 4275 111
1238 4215 1449 4290 nunnitudine

266 4319 419 4402 antiquus
442 4325 570 4384 dutinus.
594 4319 633 4385 cf.
656 4321 822 4404 Kriiger§
848 4327 917 4386 195.
940 4325 1031 4386 Anm.
1056 4328 1082 4386 1.
