3134 5042
715 387 931 448 ..93-

221 570 344 637 habere
376 571 443 653 lug.
468 577 529 656 7,6.
561 590 635 636 eum
656 570 817 655 Iugurtha
846 570 978 636 tametsi
1002 570 1125 635 Romae
1153 577 1186 635 in
1208 575 1338 635 inimicis
1359 570 1420 636 ha·

221 683 341 749 buerat
362 683 531 768 Iug.16‚3.
552 702 689 765 quorum
709 682 792 748 adeo
815 681 939 748 Sullam
954 701 1020 746 non
1033 683 1194 766 poenitet,
1216 688 1254 748 ut
1276 688 1309 748 et
1330 682 1421 748 iacta

223 801 255 860 in
276 800 379 875 pluria
401 800 552 859 numeret
574 793 628 859 Or.
652 794 729 879 Lep.
755 799 805 860 19.

308 905 419 972 Verba
437 926 522 985 pona
545 912 579 971 et
601 912 714 972 colloco
738 912 857 988 regunt
867 906 1142 990 praepositionem
1164 910 1196 969 in
1212 907 1421 990 conjunctam

224 1039 297 1085 cum
320 1017 480 1083 ablativo:
507 1017 707 1101 reliquarum
729 1019 823 1101 signa
844 1023 877 1081 in
899 1021 1036 1082 subsidia
1059 1018 1163 1083 artius
1187 1017 1327 1084 collocat
1348 1017 1419 1084 Cat.

225 1136 308 1218 59‚2.
328 1129 383 1195 ille
404 1130 554 1195 cohortes
577 1134 758 1195 veteranas.
789 1130 823 1193 in
839 1136 958 1209 fronte,
980 1134 1056 1213 post
1079 1150 1135 1195 eas
1159 1134 1304 1195 ceterum
1326 1150 1421 1196 exer·

224 1244 324 1308 citum
346 1247 379 1305 in
404 1246 551 1307 adsidite
572 1243 661 1307 locat
683 1240 753 1306 (lat.
777 1247 861 1327 aab.
884 1241 941 1325 qui
964 1246 996 1305 in
1013 1246 1159 1320 prosumo
1174 1241 1274 1307 locati
1289 1240 1422 1306 fuerant

222 1354 291 1437 lug.
315 1359 398 1441 59η.
431 1359 605 1438 praeterea
631 1353 713 1418 alios
743 1374 842 1436 super
870 1352 991 1418 vallum
1025 1358 1058 1416 in
1086 1358 1278 1418 munimentis
1308 1354 1421 1418 locare

222 1467 291 1550 lug.
322 1471 393 1544 100,
400 1506 425 1550 4.
469 1470 670 1530 Acaautivaa
697 1465 819 1549 legitur
846 1464 915 1547 lug.
946 1470 1030 1551 61‚2.
1063 1469 1208 1529 ceterum
1240 1466 1421 1530 exercitum

224 1585 256 1642 in
281 1582 491 1658 provinciam,
523 1597 608 1660 quae
635 1577 786 1660 proxima
817 1581 867 1641 est
897 1575 1089 1655 Numidiae,
1117 1574 1283 1641 hiemandi
1312 1577 1421 1660 gratia

226 1689 382 1755 conlocat.
405 1687 445 1753 cf.
467 1688 532 1754 Cic.
554 1687 637 1753 Phil.
659 1689 699 1754 Π.
723 1694 822 1774 37,94.
846 1693 878 1752 in
900 1692 1102 1761 tetrarchiam
1192 1687 1421 1754 collocaverat.

223 1802 345 1867 liberos
366 1807 585 1885 parentesque
607 1805 640 1864 ia
662 1821 766 1864 maros
787 1799 979 1865 locaverant
998 1798 1038 1864 fr.
1060 1799 1126 1864 Inc.
1149 1804 1199 1866 39.

305 1933 441 1995 ponera·
469 1933 569 1996 super
593 1916 693 1995 caput
720 1917 754 1976 in
778 1916 908 1993 pulvino
936 1916 1059 1976 temere
1078 1911 1220 1995 positam
1241 1908 1309 1995 lug.
1334 1917 1421 1997 71‚4.

224 2032 256 2091 tn
279 2031 319 2090 iis
340 2027 478 2101 urbibus,
500 2043 585 2108 quae
609 2023 652 2088 ad
675 2045 710 2089 se
733 2022 923 2089 defecerant
944 2023 1089 2106 satisque
1112 2023 1256 2088 munitae
1277 2022 1349 2088 loco
1359 2029 1423 2089 aut

224 2136 393 2203 moenibus
416 2140 519 2215 erant,
540 2134 706 2219 praesidia
727 2140 856 2213 imponit
874 2135 943 2218 lug.
968 2139 1053 2220 61‚1.
1076 2134 1158 2199 Aliis
1179 2133 1260 2200 locis
1280 2135 1422 2217 legimus

225 2248 399 2314 adverbia:
431 2269 489 2328 quo
593 2246 794 2332 praesidium
820 2246 1022 2330 imposuerat
1046 2246 1115 2329 lug.
1139 2252 1222 2333 (3(i‚2⁸
1245 2245 1284 2311 cf.
1313 2251 1421 2333 103‚1.

224 2368 285 2428 huc
374 2359 574 2445 praesidium
597 2358 753 2443 imposuit
773 2358 842 2440 lug.
867 2363 949 2444 47‚2.
983 2379 1018 2423 co
1041 2358 1181 2442 imponit
1210 2378 1290 2423 vasa
1311 2359 1422 2443 cujus·

225 2493 288 2556 que
310 2468 398 2537 modi
419 2472 489 2554 lug.
513 2476 563 2551 75,
573 2513 598 2557 4.
619 2508 663 2520 -
685 2474 781 2535 Situm
803 2491 870 2534 csse
885 2468 954 2534 fere
971 2469 1121 2535 omnibus
1134 2469 1215 2535 locis
1234 2469 1348 2535 subest
1360 2491 1422 2535 no·

224 2586 271 2649 tio
301 2582 466 2663 „beruheu
487 2582 578 2648 aut‘:
609 2588 723 2648 nostra
751 2582 854 2647 omnis
876 2582 925 2646 ris
951 2584 985 2645 ta
1015 2587 1116 2648 auimo
1145 2587 1179 2647 et
1201 2602 1332 2661 corpore
1354 2583 1421 2647 sita

225 2700 276 2761 est
296 2694 366 2761 Cat,
391 2700 451 2780 l,2.
469 2700 505 2758 ia
526 2700 623 2760 armis
645 2695 753 2760 omnia
772 2694 837 2759 sita
857 2693 925 2776 lug.
941 2698 1027 2778 51,4.
1051 2714 1190 2776 quorum
1204 2714 1257 2759 res
1270 2693 1421 2777 fidesque

225 2814 258 2871 ia
279 2810 419 2872 manaem
442 2807 525 2871 sitae
551 2811 647 2871 erant
675 2807 744 2889 lug.
768 2811 851 2891 73,6.
881 2824 994 2870 rerum
1014 2805 1050 2869 id
1073 2805 1198 2870 frustra
1219 2825 1262 2870 an
1284 2805 1326 2870 ob
1348 2825 1421 2871 rem

224 2919 353 2999 faciam,
374 2923 408 2982 in
429 2927 533 2983 vestra
555 2939 647 2983 manu
671 2918 769 2983 situm
792 2922 843 2982 est
863 2916 931 3000 lug.
948 2922 1031 3002 3l‚5.
1055 2916 1142 2997 „Das
1156 2916 1237 2999 liegt
1254 2918 1289 2982 in
1303 2936 1421 2982 euerer

224 3030 351 3096 Haud.“
373 3066 416 3079 -
437 3035 470 3095 ia
490 3036 555 3107 fide
575 3035 608 3095 et
630 3034 791 3095 elucentia
811 3028 924 3113 populi
943 3028 1081 3093 Romani
1102 3049 1244 3108 mappam
1266 3048 1349 3109 rpem
1367 3029 1421 3094 illi

224 3147 314 3207 situm
341 3142 410 3226 lug.
432 3146 516 3227 33‚4.
547 3160 622 3227 spes
652 3141 757 3207 omnis
786 3146 818 3205 iu
840 3147 924 3221 sapa
950 3140 1016 3205 sita
1038 3145 1118 3206 erat.
1140 3140 1209 3222 Ing.
1233 3146 1314 3226 54‚3.
1338 3141 1420 3205 mihi

225 3274 300 3338 spes
325 3272 436 3319 omnes
456 3259 490 3317 ia
508 3263 615 3318 memet
636 3254 720 3318 sitae
742 3253 811 3335 lug.
834 3257 885 3332 85,
893 3290 918 3336 4.
942 3270 982 3316 sa
1003 3256 1200 3336 tempestate
1221 3272 1296 3337 spes
1318 3257 1419 3335 atque

224 3387 304 3450 opes
326 3356 467 3431 civitatis
486 3370 521 3430 in
542 3371 593 3430 illo
615 3366 698 3430 sitae
719 3364 788 3447 lug.
813 3369 884 3444 114,
893 3404 917 3448 4.
940 3400 984 3412 -
1004 3366 1104 3429 Locus
1125 3362 1330 3447 significatur
1348 3363 1419 3447 lug.

226 3483 309 3563 37‚4.
333 3479 432 3543 situm
452 3482 486 3542 in
507 3476 679 3561 praerupti
701 3476 821 3541 montis
843 3486 999 3553 extremm
1019 3495 1062 3540 ex
1080 3474 1144 3539 hoc
1158 3474 1287 3541 dicendi
1299 3495 1419 3558 genere

225 3595 333 3655 ortum
359 3595 426 3654 est:
453 3609 506 3654 res
535 3586 669 3672 publica
697 3594 730 3652 io
760 3598 897 3651 extremo
926 3587 991 3651 sita
1020 3591 1071 3651 est
1101 3586 1169 3651 Cat.
1204 3592 1302 3673 olm.
1332 3585 1420 3667 „uer

225 3702 321 3767 Staat
341 3702 421 3784 liegt
441 3701 475 3765 in
493 3699 561 3765 den
580 3698 702 3764 letzten
723 3700 862 3782 Ziigen“.
908 3697 1076 3763 Adherbal
1097 3698 1154 3763 ubi
1173 3698 1337 3782 intellegit
1350 3718 1419 3763 om-

223 3813 275 3877 nis
302 3833 378 3878 suas
405 3812 554 3877 fortunas
577 3816 611 3875 ia
639 3822 777 3876 extremo
804 3811 885 3876 sitas
918 3809 1022 3889 „Dass
1051 3809 1139 3874 seine
1161 3810 1250 3894 Lage
1272 3809 1332 3876 auf
1359 3809 1420 3874 das

225 3927 417 3990 Aeusserste
442 3922 633 4007 gekommen
666 3923 742 3988 sei‘⁰
769 3922 839 4005 Iug.
871 3926 954 4007 23,2.
983 3958 1028 3970 -
1055 3921 1310 4005 Praepositionis
1348 3931 1420 3986 aare

225 4036 327 4101 vicem
348 4040 549 4120 praestatio
568 4034 637 4100 Cat.
661 4040 763 4120 20,14.
785 4054 826 4099 en
847 4032 914 4113 ills,
934 4033 1007 4114 illa,
1031 4055 1130 4117 quam
1151 4054 1250 4118 saepe
1271 4034 1420 4118 optastis,

223 4147 360 4213 libertas
381 4154 553 4232 praeterea
575 4145 708 4211 divitiae
731 4145 831 4210 decus
850 4146 956 4228 gloria
976 4150 1009 4209 iu
1032 4150 1129 4210 oculis
1148 4146 1215 4210 sita
1244 4151 1322 4210 suut
1343 4144 1419 4225 „lie-

225 4279 288 4343 geu
310 4259 393 4326 euch
413 4279 472 4323 vor
493 4261 636 4342 Augen“.
658 4294 702 4307 -
723 4277 789 4341 quo
815 4256 963 4341 cupidius
986 4262 1019 4320 in
1045 4277 1100 4322 ore
1121 4256 1214 4322 ducis
1230 4277 1265 4322 se
1282 4256 1418 4340 quisque

224 4371 346 4435 bouum
379 4375 412 4435 et
440 4375 608 4434 strenuum
637 4374 841 4435 ostentantes
869 4368 908 4433 fr.
938 4368 1004 4434 Inc.
1033 4372 1084 4433 63.
1102 4406 1146 4416 —
1168 4368 1293 4451 pariter
1320 4374 1419 4452 atque

224 4488 258 4545 ia
280 4490 444 4559 conspecta
463 4479 606 4544 hostium
628 4479 791 4562 quadrato
813 4479 941 4562 agmine
962 4479 1115 4545 incedere
1135 4478 1204 4562 lug.
1229 4485 1395 4565 100‚1.-
