3134 5042
744 398 962 460 ..50-

136 606 140 617 .
255 586 342 667 35„.
364 585 449 667 43,‚.
467 586 549 667 50‚4.
572 581 711 667 lugtffi.
734 588 830 667 9‚3.4.
855 587 936 667 llg.
960 588 1042 667 38⁹⁶·
1064 585 1351 666 42‚1.44‚4.58‚2.
1373 583 1450 661 6οη.

256 698 340 779 eost.
364 699 448 781 roffi.
472 699 571 780 lba-
595 700 679 780 sr„.
703 694 741 758 u.
765 694 821 759 111.
845 700 894 761 or.

340 805 513 873 ablativus
535 806 624 872 solus
658 805 822 889 significat
849 805 1013 877 interdum
1035 827 1161 872 cuasam
1182 826 1249 889 qua
1271 805 1378 869 homo
1399 802 1454 866 im·

255 917 389 1001 pellitur
410 919 452 984 ad
476 917 638 1003 agendum
667 917 802 1002 aliquid,
833 916 866 982 id
889 924 940 984 est
960 939 1085 984 causum
1109 923 1234 999 egendi,
1257 937 1376 1001 ¹quam
1400 935 1455 979 nos

255 1029 408 1097 dicimus:
443 1029 676 1114 Beweggmnd.
732 1030 829 1096 Tales
857 1050 976 1097 causae
1007 1030 1096 1116 apud
1125 1030 1305 1115 scriptores
1337 1048 1456 1093 aureae

255 1144 375 1210 aetatis
397 1142 589 1228 plerumque
610 1142 909 1228 praepositionibus
928 1152 1060 1223 propter
1082 1143 1133 1208 vel
1154 1146 1190 1207 ob
1214 1143 1455 1227 exprimuntur.

254 1255 377 1321 Tamen
398 1276 463 1321 non
485 1276 592 1339 pauca
613 1255 763 1339 exempla
795 1260 829 1321 et
847 1254 936 1339 apud
964 1255 1161 1334 Ciceronem,
1191 1254 1384 1333 Caesarem,
1406 1251 1456 1315 Li·

254 1369 341 1433 vium
364 1368 588 1447 inveniuntur,
617 1368 651 1433 in
681 1366 800 1451 quibus
831 1388 950 1434 causae
979 1367 1099 1453 agendi
1127 1365 1197 1432 solo
1226 1366 1381 1432 ablativo
1404 1365 1456 1429 de

254 1479 451 1546 scribuntur.
495 1480 655 1565 Exempla
677 1480 880 1546 Sallustiana
901 1479 1000 1565 hujus
1020 1484 1206 1545 structurae
1230 1484 1309 1545 sunt
1333 1479 1435 1543 haec:

301 1597 421 1658 stadio.-
443 1598 562 1658 cuncta
584 1592 677 1676 plebs
699 1613 858 1659 novarum
879 1613 989 1658 rerum
1012 1597 1113 1657 studio
1136 1591 1296 1657 Catilinae
1321 1594 1456 1673 incepta

254 1704 420 1788 prebebat
445 1703 515 1771 Cat
541 1709 624 1790 illu.
653 1710 743 1771 certo
763 1706 830 1770 scio
853 1726 939 1790 quae
961 1704 1082 1771 dixerit
1101 1709 1204 1770 stadio
1226 1703 1454 1789 reipublicae

258 1816 378 1882 dixisse
400 1817 470 1898 Cat,
493 1823 597 1903 elue.
630 1822 732 1883 radio
762 1817 895 1902 legundi
915 1817 1076 1902 paulatim
1097 1837 1200 1902 prope
1223 1817 1266 1883 ad
1287 1835 1454 1883 summum

253 1930 373 1994 montis
395 1949 545 2013 egressus
568 1935 618 1995 est
640 1930 709 2014 Ing.
732 1934 819 2017 93,2.

339 2047 427 2109 odio:
455 2048 524 2108 odio
548 2063 681 2109 suarum
708 2063 819 2109 rerum
841 2043 962 2108 mutari
991 2043 1101 2108 omnia
1122 2041 1253 2110 student
1275 2041 1347 2107 Cat.
1367 2046 1419 2119 37,
1428 2079 1452 2123 3.

253 2159 440 2238 quantaque
472 2155 504 2221 vi
531 2155 734 2239 rogationem
760 2155 912 2241 jusserit,
943 2154 1047 2238 magis
1088 2160 1157 2220 odio
1185 2153 1371 2219 nobilitatis
1402 2151 1452 2216 cui

253 2266 340 2331 mala
361 2266 419 2333 illa
439 2266 653 2352 parabantur,
677 2287 776 2351 quam
799 2288 878 2332 curo
900 2267 950 2332 rei
967 2266 1119 2351 publicae
1141 2267 1210 2350 lug.
1233 2272 1285 2347 40,
1295 2307 1320 2352 3.

337 2385 566 2446 malevolentia:
590 2400 674 2464 quae
698 2379 820 2447 delicta
842 2378 1093 2464 reprehenderis
1115 2384 1321 2445 malivolentia
1346 2383 1381 2445 et
1406 2382 1450 2440 in·

256 2496 340 2556 vidia
363 2490 452 2558 dicta
473 2497 592 2577 putant
613 2492 682 2560 Cat.
707 2498 736 2573 3,
746 2534 772 2579 2.

337 2608 517 2669 iracundie:
547 2605 574 2670 si
607 2603 686 2688 quid
715 2609 882 2670 iracundia
913 2604 1097 2688 deliquere,
1128 2605 1226 2688 pauci
1248 2604 1358 2669 sciunt
1381 2602 1448 2668 Cat.

255 2720 356 2802 51212·

336 2838 434 2894 metu:
460 2828 511 2894 sin
538 2839 618 2894 metu
649 2829 852 2910 cesserimus,
883 2829 998 2895 eadem
1028 2828 1087 2894 illa
1115 2827 1256 2894 advorsa
1277 2828 1359 2894 fient
1379 2828 1447 2893 Cat.

253 2948 335 3026 58,9.
369 2941 462 3027 cnjus
484 2941 627 3027 impulsu
648 2942 810 3026 Iugurtha
832 2940 1039 3023 deditionem,
1071 2962 1169 3025 qnam
1191 2952 1271 3006 melo
1292 2939 1446 3015 deseruit

250 3054 419 3138 inceperat
438 3054 505 3138 Iug.
531 3060 619 3135 tul.
659 3054 754 3120 aliter
778 3075 877 3138 quam
907 3065 988 3121 metu
1005 3055 1083 3140 jura
1113 3053 1275 3138 quaedam
1305 3051 1445 3119 tribunis

252 3166 358 3249 plebis
380 3167 525 3232 restituit
548 3166 602 3232 Or.
625 3167 726 3234 Maur.
749 3172 778 3235 8.

334 3284 522 3359 formidine:
545 3285 771 3360 reformidas
792 3279 887 3347 multi
907 3278 1065 3344 mortales
1088 3278 1243 3343 Romanis
1265 3279 1368 3343 dediti
1391 3276 1445 3342 ob-

255 3389 341 3456 sides
360 3391 429 3474 Iug.
442 3397 524 3476 54,6.
546 3392 647 3457 ceteri
656 3397 837 3473 formidine,
851 3412 931 3476 pars
947 3390 990 3456 ad
1002 3391 1176 3471 Romanos,
1201 3390 1257 3455 alii
1278 3389 1321 3457 ad
1336 3408 1444 3474 regem

255 3503 420 3567 Bocchum
441 3504 657 3588 profugerant
674 3504 743 3588 lug.
767 3510 818 3585 74,
831 3547 855 3590 1.
897 3524 982 3588 quae
1003 3509 1073 3569 tum
1090 3509 1262 3584 formidine
1282 3508 1444 3568 mercatus

255 3637 327 3681 sum
349 3615 403 3681 Or.
427 3614 504 3701 Lep.
530 3622 578 3682 18.
623 3616 729 3682 Carbo
753 3621 839 3696 turpi
856 3622 1028 3697 formidine
1049 3616 1179 3682 Italiam
1200 3622 1300 3700 atque
1323 3613 1444 3680 exerci-

252 3733 305 3793 tus
327 3727 473 3793 deseruit
492 3728 530 3794 fr.
552 3729 576 3795 1.
601 3733 650 3795 28.

338 3845 502 3920 cupidine:
539 3862 618 3925 pars
639 3841 757 3924 imperi
779 3847 935 3921 cupidine,
966 3841 1022 3906 alii
1044 3841 1261 3907 multitudinis
1276 3840 1364 3904 domi
1387 3840 1442 3903 mi-

251 3953 399 4019 nuendae
422 3955 529 4036 gratia
623 3953 807 4037 Hipponem
829 4003 883 4019 ...
907 3953 1082 4020 condidere
1104 3954 1173 4038 lug.
1199 3960 1284 4038 19,1.
1315 3958 1349 4017 et
1370 3971 1443 4017 sane

254 4064 413 4130 Gracchis
436 4071 581 4146 cupidine
605 4066 762 4131 victoriae
792 4067 881 4132 haud
903 4067 984 4133 satis
1010 4065 1199 4132 moderatus
1223 4066 1349 4131 animus
1384 4063 1442 4129 fuit

252 4177 320 4260 lug.
344 4182 427 4263 42η.

336 4309 408 4368 cpe:
439 4309 531 4354 arma
553 4291 620 4355 tela
639 4290 705 4357 alia
725 4312 811 4375 quae
832 4313 888 4372 spe
912 4293 1002 4376 pacis
1026 4292 1191 4372 amiserat,
1219 4291 1353 4358 reficere
1375 4291 1439 4373 lug.

252 4409 335 4485 66‚1.
396 4407 508 4465 bucina
539 4403 760 4485 spepopulus
791 4404 956 4469 Romanus
996 4405 1117 4468 liberos
1151 4426 1227 4468 suos
1257 4405 1300 4468 ad
1327 4405 1441 4468 bellum
1528 4410 1530 4423 '
