3134 5042
671 432 889 492 „59-

174 624 228 696 54,
238 658 264 703 ⁷·
289 624 371 702 814.
385 620 594 697 praeclarius
616 615 682 697 lug.
708 624 805 701 85,st
829 624 920 680 oculto
940 623 1052 695 optimc
1073 617 1141 699 lug.
1165 623 1263 702 85,33.
1287 624 1378 682 molto

162 737 276 809 ploro
304 730 392 795 bona
416 729 488 810 lug.
522 733 627 814 102‚3.
656 735 746 793 molto
776 728 910 813 propius
937 728 990 793 Or.
1013 728 1094 792 Phil.
1120 734 1168 794 lo.
1190 736 1282 793 molto
1296 750 1378 809 pao-

170 846 319 908 cioribac
351 840 410 924 Ep.
439 839 552 925 Pomp.
575 847 604 906 5.
641 846 733 906 molto
763 840 900 906 celerius
933 840 972 904 fr.
1001 840 1057 905 III.
1089 845 1137 905 12.
1180 846 1267 906 baad
1286 847 1378 905 mutto

167 974 279 1020 secus
302 953 341 1018 fr.
363 953 420 1018 III.
444 957 495 1017 67.

261 1072 381 1146 poulo:
411 1069 559 1129 occultius
589 1064 658 1131 Cat.
690 1070 740 1145 17,
750 1105 775 1152 5·
814 1069 952 1130 revertor
988 1065 1057 1131 Cat.
1090 1070 1189 1151 5l,15.
1227 1071 1378 1130 dicoretur

166 1178 361 1264 011113.
391 1182 593 1241 inconsultius
621 1176 690 1260 Iug.
715 1183 799 1264 316.
824 1182 982 1242 editiorem
1006 1178 1075 1260 lug.
1100 1183 1149 1257 58,
1157 1219 1182 1263 3.
1209 1183 1378 1256 superiori·

166 1295 234 1355 bus
260 1291 332 1372 Iug.
356 1294 433 1375 ⁶3⁷2·
456 1294 599 1368 asperior
618 1290 687 1372 Iug.
715 1295 800 1376 94⁷2·

273 1410 404 1482 quanto:
427 1409 601 1481 quantoque
623 1407 717 1466 11111111
739 1400 839 1467 factio
861 1402 1031 1466 noxiorum
1053 1407 1132 1484 agat
1153 1402 1206 1466 Or.
1226 1401 1326 1465 Macr.
1350 1408 1378 1466 3.

272 1515 462 1597 Sequuntur
484 1534 543 1593 pao
633 1535 677 1580 co.
701 1535 766 1598 quo
789 1514 895 1579 minus
918 1514 1055 1597 gloriam
1067 1513 1204 1598 petebat
1221 1535 1259 1579 eo
1275 1514 1379 1597 magis

171 1627 386 1712 sequebatur
415 1625 484 1691 (lat.
509 1632 591 1713 54,5.
623 1647 687 1710 quo
719 1627 816 1710 plura
843 1626 926 1692 bene
955 1630 1054 1710 atque
1084 1632 1216 1692 strenue
1238 1626 1378 1706 fecisset,

174 1762 219 1805 eo
246 1739 392 1805 animum
415 1760 509 1804 suum
530 1738 684 1823 injuriam
705 1739 812 1803 minus
833 1739 976 1804 tolerare
997 1738 1065 1822 lug.
1088 1743 1140 1820 22,
1146 1781 1172 1825 3.
1196 1759 1260 1822 quo
1276 1738 1379 1821 pluris

176 1857 234 1918 est
257 1851 412 1917 universa
433 1871 487 1916 res
507 1850 641 1935 publica
734 1870 773 1916 eo
794 1851 918 1934 majore
944 1872 1024 1916 cura
1046 1851 1136 1915 illam
1158 1850 1378 1916 administrari

176 1965 253 2049 lug.
278 1970 363 2049 85‚2.
407 1962 558 2028 Inversus
581 1962 661 2028 ordo
683 1967 792 2028 exstat
813 1962 880 2046 Iug.
905 1968 1003 2049 3¹⁷1u·
1026 1967 1125 2047 atque
1148 1983 1187 2029 eo
1210 1962 1376 2028 vehemen-

178 2077 262 2158 tius,
285 2097 351 2159 quo
373 2076 479 2161 majus
502 2074 642 2141 dedecus
665 2080 723 2141 est.

273 2197 387 2269 quanto
477 2198 580 2253 tento:
611 2192 734 2271 quanto
762 2209 819 2253 vos
852 2188 1009 2253 attentius
1104 2193 1196 2253 tanto
1290 2187 1379 2251 iufir-

179 2302 270 2366 mior
300 2300 369 2365 Cat.
402 2305 500 2386 52,13.
532 2304 726 2384 quanto
751 2300 968 2383 praeclarior,
994 2305 1087 2365 tento
1186 2300 1380 2382 flagitiosior

181 2415 256 2497 Iug.
279 2418 381 2498 85,22.
404 2419 527 2495 quanto
549 2413 655 2477 minus
747 2417 840 2478 tento
868 2412 1006 2478 tutiores
1035 2413 1103 2496 Iug.
1130 2418 1232 2498 107,1.
1256 2416 1379 2495 quanto

258 2525 384 2591 avidius
473 2530 566 2589 tanto
657 2525 765 2589 acrius
789 2525 843 2589 Or.
866 2524 947 2588 Phil.
975 2530 1023 2589 17.

274 2637 365 2703 Idem
386 2637 548 2702 ablativus
567 2658 746 2703 mensurae
769 2635 945 2701 adhibetur
974 2636 1017 2701 ad
1039 2636 1284 2720 significandam
1309 2648 1379 2702 tcm-

179 2755 274 2831 poris
292 2750 466 2830 notionem,
496 2754 618 2833 quanto
649 2754 725 2814 ante
754 2750 805 2814 vel
831 2753 907 2834 post
935 2748 1059 2814 factum
1084 2750 1218 2833 aliquod
1239 2751 1305 2814 alia
1327 2771 1380 2816 res

185 2861 355 2939 acciderit.
399 2882 480 2945 quos
496 2867 594 2942 poulo
610 2871 682 2927 onie
697 2862 875 2927 memoravi
890 2861 958 2926 Cat.
976 2867 1059 2947 20‚1.
1083 2868 1168 2948 26,3.
1191 2867 1241 2940 44,
1251 2905 1275 2947 2.
1297 2867 1379 2948 46,4.

186 2980 272 3059 47‚4.
296 2980 377 3060 so..
401 2980 500 3060 5213.
536 2974 605 3058 lug.
633 2978 714 3059 m..
743 2979 826 3059 co..
853 2979 936 3059 aas.
963 2978 1048 3059 sl...
1080 2980 1164 3059 aeq.
1196 2979 1297 3059 1116.
1326 2974 1380 3039 or.

186 3086 266 3170 Lep.
291 3092 338 3151 11.
383 3092 474 3151 molto
497 3091 573 3151 ante
592 3086 674 3151 lucis
696 3085 872 3150 adventum
891 3086 959 3169 lug.
982 3090 1065 3171 91,3.

271 3204 475 3278 pactapact:
506 3219 579 3263 cum
610 3197 745 3262 armetis
771 3196 956 3262 hominibus
1046 3197 1182 3263 introire
1204 3197 1272 3263 (lat.
1296 3203 1379 3284 28,1.

189 3317 287 3397 5l,34.
318 3310 386 3393 lug.
406 3314 489 3397 36,2.
512 3316 562 3390 11
570 3351 594 3397 5.
639 3309 751 3374 Multis
787 3309 868 3373 locis
899 3309 1020 3393 legitur
1045 3318 1120 3389 post
1150 3316 1264 3389 paolo:
1306 3315 1381 3394 post

186 3423 285 3507 paulo
307 3422 459 3503 Catilina,
483 3422 696 3508 pecuniarum
719 3420 974 3505 repetundarum
995 3443 1080 3503 reus,
1101 3421 1286 3506 prohibitus
1309 3427 1381 3488 erat

189 3536 393 3601 consulatum
419 3540 533 3619 petere
554 3535 623 3601 Cat.
648 3541 730 3622 18,3.
752 3534 822 3619 Iug.
846 3540 927 3621 56‚3‚
951 3541 1035 3620 74‚1.
1061 3541 1132 3616 106,
1140 3577 1165 3621 3.

275 3647 446 3713 Ablativus
475 3654 566 3713 moto
595 3648 802 3732 conjungitur
832 3653 1006 3732 praeterea
1029 3669 1103 3713 cum
1123 3647 1239 3727 verbis⁷
1262 3647 1380 3731 quibus

188 3763 274 3826 inest
295 3761 384 3825 notio
407 3765 625 3841 comparativi:
647 3761 681 3825 in
702 3781 739 3825 re
761 3761 893 3845 publice
914 3767 1005 3825 molto
1021 3768 1168 3839 praestat
1188 3760 1256 3843 lug.
1280 3765 1379 3846 3l,28.

190 3895 263 3939 cum
286 3893 344 3938 eae
359 3879 458 3952 poulo
475 3883 701 3952 processerant
720 3873 789 3955 Iug.
813 3878 897 3959 92,3.

275 3984 348 4049 Non
362 3984 510 4049 omnibus
524 3984 605 4050 locis
620 3990 801 4068 sequuntur
817 4006 852 4050 co
943 4005 1012 4064 quo,
1035 3984 1093 4050 sed
1105 3984 1269 4050 interdum
1285 4006 1320 4050 eo

190 4103 280 4177 qood,
302 4097 478 4181 praecipue
499 4094 533 4159 in
555 4095 695 4161 formula
716 4118 750 4161 co
841 4102 959 4177 mocio:
982 4117 1018 4161 eo
1038 4102 1137 4177 mocio
1160 4105 1242 4177 qaod
1262 4096 1381 4162 mihia

189 4230 247 4293 spe
269 4209 394 4273 animus
415 4207 499 4273 liber
521 4213 594 4272 erat
615 4208 683 4273 Cat.
704 4214 766 4294 4,2.
798 4208 867 4291 Iug.
888 4212 971 4294 22,1.
1004 4229 1038 4273 eo
1057 4213 1198 4286 firmiora
1224 4208 1380 4275 videban-

178 4326 252 4401 tur,
273 4320 361 4405 quod
389 4320 457 4404 lug.
481 4325 557 4406 616.
589 4342 624 4385 co
641 4325 771 4400 facilior
792 4320 987 4401 retinebant,
1016 4320 1104 4403 quod
1125 4320 1193 4406 Iug.
1218 4326 1268 4401 78,
1276 4362 1300 4407 4.
1330 4342 1380 4387 se·

190 4435 301 4516 quitur
333 4437 406 4510 quio
434 4433 503 4516 lug.
526 4434 612 4518 89‚7.
643 4454 678 4498 co
696 4437 827 4514 facilius
856 4432 1077 4513 tolerabatur,
1115 4434 1193 4517 quia
1220 4433 1380 4500 Numidae

189 4547 380 4631 plerumque
399 4544 485 4610 lacte
508 4594 558 4610 ...
581 4545 806 4612 vescebantur.
