3134 5042
696 365 884 427 „31-

186 557 234 617 16.
265 566 447 635 quousque
482 555 663 615 cunctando
691 571 760 615 rem
782 550 948 635 publicam
969 551 1108 616 intutam
1129 552 1298 636 patiemini
1321 552 1374 618 05.

182 662 265 728 Phil.
290 668 337 729 17.
358 668 491 748 petrum
515 661 650 728 decreta
671 683 728 728 vos
750 669 930 744 exequendo
953 669 1027 728 rata
1048 661 1177 728 efficitis
1200 665 1253 730 Or.
1274 664 1375 730 Macr.

185 781 233 842 16.
263 780 442 842 restantem
464 782 639 856 prytaneo
668 776 746 842 vicit
773 775 813 842 fr.
834 775 859 840 Ι.
884 782 933 842 75.
977 775 1020 840 ad
1041 775 1105 841 hoc
1125 780 1297 842 rumoribus
1318 776 1375 841 ad-

183 909 280 954 vorsa
303 888 338 952 in
358 888 555 972 pravitatem
649 893 834 954 5551155555
857 887 1110 973 corrumpebant
1130 887 1170 953 fr.
1192 888 1233 953 11.
1257 893 1306 955 30.

268 1000 333 1065 Res
356 1005 428 1066 arte
442 1000 551 1066 factae
564 1000 676 1066 multis
694 1000 775 1066 locis
788 999 972 1084 significant
987 1000 1254 1066 instrumentum:
1276 999 1375 1065 liber-

184 1116 288 1177 tatem
311 1113 454 1197 patriam
475 1104 628 1197 parentes
651 1117 746 1178 armis
771 1117 883 1196 tegere
907 1112 975 1178 Cat
999 1118 1060 1198 6,3,
1084 1117 1167 1197 aa„
1197 1112 1266 1195 lug.
1289 1117 1374 1197 87,2.

186 1223 483 1310 155555155243.
509 1230 608 1290 tutori
636 1224 704 1308 lug.
737 1229 830 1310 110,3
854 1231 914 1290 515.
957 1225 1075 1290 minari
1103 1223 1266 1289 interdum
1283 1231 1375 1304 ferro

183 1336 252 1402 Cat.
276 1340 326 1416 23,
334 1377 360 1422 3.
384 1343 478 1417 ferro
507 1342 566 1401 ant
593 1336 709 1404 bestiis
737 1336 891 1403 interiere
921 1338 989 1420 Ing.
1017 1342 1065 1416 17,
1074 1378 1100 1422 3,
1130 1336 1170 1401 51.
1192 1336 1261 1401 Cat.
1291 1341 1375 1420 583,

182 1448 251 1531 Ing.
275 1452 356 1533 38,9,
379 1453 456 1535 423
478 1453 537 1514 515.
581 1454 686 1530 plodio
708 1469 743 1513 se
765 1469 787 1514 a
807 1449 1015 1515 multitudine
1046 1447 1192 1514 defendit
1214 1448 1283 1513 Cat.
1306 1453 1374 1531 45,4

184 1559 223 1625 cf.
247 1565 298 1640 49,
304 1601 330 1645 ,3,
353 1565 426 1646 60,2
450 1565 510 1625 etc.
545 1565 655 1642 laqueo
676 1561 786 1643 gulam
807 1561 935 1645 fregere
958 1560 1026 1627 Cat
1051 1567 1133 1646 55‚5.
1157 1564 1230 1625 toto
1247 1560 1373 1643 signum

184 1672 242 1738 dat
261 1671 330 1738 Cat.
352 1677 435 1758 60,3.
465 1677 543 1737 55115
572 1678 671 1758 atque
696 1681 787 1754 fosso
819 1673 948 1738 moenia
981 1672 1162 1738 circumdat
1189 1672 1257 1755 lug.
1290 1677 1374 1756 23,3.

184 1789 277 1849 scolis
300 1785 423 1867 egressi
442 1784 511 1868 Ing.
534 1790 607 1871 60,3
631 1791 692 1852 etc.
715 1791 776 1852 etc.

271 1895 474 1980 Praepositio
503 1918 533 1977 o,
564 1918 648 1981 quae
676 1897 850 1965 adhibetur
871 1898 927 1964 nbi
953 1918 1112 1977 personae
1141 1896 1285 1980 aliquam
1306 1919 1376 1962 rem

186 2007 340 2088 efficiunt,
361 2013 472 2073 temen
489 2009 651 2075 interdum
670 2014 762 2076 rebus
779 2009 987 2094 subjungitur
1003 2030 1042 2074 eo
1060 2008 1203 2088 consilio,
1225 2013 1262 2074 ut
1277 2030 1376 2074 cansa

186 2125 220 2185 et
253 2121 344 2204 origo
370 2121 474 2203 magis
504 2121 712 2204 significetur.
763 2121 928 2187 Abhorret
966 2111 1097 2204 quidem
1132 2120 1215 2186 haec
1248 2120 1377 2186 dicendi

185 2233 271 2298 ratio
305 2233 347 2298 ab
378 2253 440 2298 usu
466 2232 626 2300 bonorum
661 2234 872 2318 scriptorum,
906 2238 1017 2299 tamen
1052 2239 1182 2299 exstant
1217 2233 1375 2317 exempla.

186 2344 213 2409 E
236 2344 390 2410 Sallustio
412 2346 572 2430 congessi:
594 2352 632 2412 ut
654 2346 745 2412 vobis
768 2347 895 2435 animus
916 2351 954 2412 ab
975 2351 1101 2427 iqoooio
1118 2351 1217 2429 atque
1232 2349 1376 2411 socordio

187 2461 359 2540 corruptus
382 2459 426 2523 sit
446 2458 514 2540 lug.
538 2464 588 2539 31,
595 2499 621 2544 3,
650 2441 765 2524 555155
785 2458 854 2543 Iug.
878 2464 929 2539 95,
936 2500 961 2544 3,
990 2457 1115 2523 15551115
1215 2458 1377 2522 exstincta

186 2573 313 2650 ipsanio
334 2569 503 2653 majorum.
548 2575 707 2637 eductos
728 2570 930 2655 praedonum
956 2569 1208 2655 myoparonibus
1240 2571 1376 2634 circum·

186 2685 284 2747 venta
315 2679 355 2745 f.
384 2681 440 2747 111.
470 2687 520 2747 56.
565 2683 654 2767 quod
683 2684 726 2750 ab
756 2704 795 2749 eo
825 2703 943 2767 genere
973 2681 1158 2749 celebratus
1196 2687 1376 2764 auctusque

188 2799 259 2858 erat
287 2793 355 2876 Ing.
387 2798 472 2880 86,3.
504 2816 582 2879 pars
611 2795 720 2861 edocti
746 2794 789 2861 ab
821 2794 991 2861 nobilitate
1021 2795 1090 2878 Ing.
1122 2800 1172 2876 66,
1180 2835 1204 2879 4.
1249 2793 1376 2859 Similes

185 2904 276 2970 locos
297 2926 315 2970 e
335 2905 426 2971 Livio
452 2912 597 2991 sumptos
624 2906 722 2974 affert
742 2907 895 2973 Kiihnast
915 2929 946 2991 p.
973 2912 1043 2974 159.
1080 2912 1194 2990 captus
1217 2927 1237 2971 a
1258 2906 1377 2972 Roma·

187 3017 238 3081 nis
267 3017 404 3083 navibus
434 3022 534 3103 25,33,
541 3059 566 3104 3.
607 3039 781 3103 oppressus
811 3041 832 3085 a
861 3019 1037 3085 tribunicia
1071 3024 1235 3104 potestate
1265 3022 1293 3098 2,
1302 3059 1376 3104 333.

128 3157 132 3163 ’
188 3128 237 3200 De
260 3128 416 3213 exemplis
433 3130 636 3195 Caesarianis
658 3130 768 3197 confer
783 3130 918 3196 Fischer
940 3134 958 3215 q
977 3135 1027 3195 28.
1073 3131 1223 3195 cohortes
1244 3130 1377 3194 intritae

188 3245 227 3307 ob
249 3241 363 3307 labore
386 3247 481 3308 erant
502 3240 579 3308 bell.
601 3241 676 3325 gall.
699 3247 727 3322 3,
735 3283 809 3329 333,
836 3263 909 3307 cum
932 3241 1082 3325 aquilifer
1104 3262 1125 3307 a
1145 3240 1268 3307 viribus
1298 3240 1376 3307 defi-

190 3358 319 3419 ceretur
347 3353 421 3420 bell.
454 3354 537 3420 civil.
560 3359 589 3420 3.
614 3358 696 3440 643,
724 3353 763 3420 51.
787 3355 899 3423 Cicero
921 3354 961 3420 de
985 3353 1084 3420 5111.
1108 3359 1159 3420 32.
1184 3360 1254 3420 118.
1277 3375 1376 3419 ana·

188 3471 272 3531 tura.
294 3487 354 3550 pro
376 3466 438 3551 leg.
462 3487 529 3550 agr.
555 3471 584 3547 2,
591 3507 681 3554 3333,
711 3487 732 3532 5
753 3467 840 3533 ritae
863 3466 1104 3548 consuetudine,
1127 3467 1246 3533 515115
1269 3487 1376 3532 exem·

189 3578 254 3662 pla,
284 3598 369 3662 quae
399 3577 496 3645 affert
524 3579 671 3663 Draeger
696 3602 727 3665 p.
754 3586 826 3648 549.
871 3580 936 3646 Ubi
957 3600 1170 3666 personarum
1196 3600 1296 3663 opera
1318 3578 1377 3643 ali·

190 3690 269 3774 quid
305 3689 445 3757 efficitur
482 3692 661 3758 invenimus
689 3693 964 3778 praepositionem
988 3714 1067 3773 per:
1097 3690 1249 3757 mulieres
1278 3692 1377 3756 etiam

190 3802 315 3887 aliquot
407 3824 467 3888 per
489 3825 544 3870 eas
576 3826 610 3870 se
634 3804 774 3871 Catilina
805 3805 960 3873 credebat
980 3825 1076 3890 posse
1098 3804 1231 3868 servitia
1250 3803 1378 3870 urbana

190 3914 365 3981 sollicitare
387 3913 456 3981 Cat.
479 3920 530 3997 24,
537 3957 562 4001 4,
586 3917 625 3982 cf.
648 3921 699 3997 26,
707 3958 733 4003 3,
756 3922 840 4005 2113,
866 3924 949 4004 453,
971 3922 1056 4003 ta„
1079 3921 1153 4002 49„
1179 3921 1240 3982 etc.
1262 3922 1322 3982 etc.

277 4027 557 4093 Constructionem
585 4028 691 4109 illam,
723 4050 790 4113 qua
817 4028 980 4096 ablativus
1004 4029 1211 4094 instrumenti
1241 4029 1377 4094 circum-

99 4215 103 4221 ,
191 4140 344 4206 scribitur
371 4139 519 4206 vocibus:
551 4160 660 4221 opero,
689 4145 816 4220 5551115,
843 4142 931 4225 apud
954 4140 1143 4207 Sallustium
1171 4141 1292 4207 inveni:
1323 4141 1376 4206 Or.

191 4251 273 4317 Cott.
293 4258 320 4316 l.
342 4252 463 4337 partim
477 4251 606 4336 reppuli
623 4258 748 4317 deorum
763 4257 881 4318 auxilio
903 4257 937 4318 et
958 4254 1079 4320 virtute
1101 4275 1182 4319 mea.
1205 4255 1273 4336 Ing.
1293 4259 1343 4334 53,
1351 4296 1377 4340 3,

191 4370 309 4430 cosilio
336 4365 441 4430 noctis
471 4371 529 4430 aut
558 4363 657 4429 collis.
688 4364 727 4429 cf.
751 4364 880 4431 Caesar.
901 4363 976 4431 bell.
1001 4365 1075 4449 gall.
1099 4373 1177 4453 533,
1199 4365 1285 4450 quod
1307 4368 1376 4451 ejus
