3134 5042
638 375 851 434 „73-

228 569 376 623 certare:
407 580 480 623 cum
512 558 611 624 divite
708 580 781 624 cum
808 557 944 624 factioso
1040 579 1113 623 cnm
1135 565 1267 624 strenuo

137 692 214 735 cum
238 671 391 735 modeste
481 692 554 736 cum
573 672 743 736 innocente
765 671 834 736 Cat.
856 676 938 757 54‚5.
962 693 1036 736 cum
1055 670 1247 755 aequalibus
1266 672 1335 755 Ing.

138 787 199 868 (tl.
232 803 312 847 cum
343 782 446 848 Gallis
474 784 542 867 lug.
572 788 675 869 114‚2.
707 805 780 849 cum
807 781 970 848 alacribus
1066 805 1139 848 cnm
1168 783 1335 849 velocibus

218 916 299 960 oum
315 894 431 961 validis
452 895 491 959 fr.
513 895 553 960 Π.
579 902 626 960 ll.

228 1017 388 1073 certamen
404 1014 496 1088 sore:
518 1028 591 1072 cum
612 1007 652 1073 iis
672 1008 740 1091 Ing.
763 1013 847 1093 49‚2.
871 1028 943 1072 cum
965 1006 1114 1073 hostibus
1137 1013 1220 1093 54‚5.

228 1125 399 1200 constipare
407 1150 415 1182 .·
439 1141 510 1184 cum
533 1119 673 1184 Antonio
697 1141 794 1203 quam
817 1120 958 1204 primum
981 1119 1049 1184 Cat.
1073 1125 1122 1198 57,
1129 1160 1154 1205 5.

229 1239 439 1297 contendere:
464 1252 537 1297 oum
559 1232 683 1315 magnis
704 1232 887 1315 legionibus
908 1231 1051 1296 hostium
1073 1231 1141 1296 Cat.
1159 1237 1241 1316 53,3.
1263 1253 1337 1297 cnm

136 1344 327 1429 majoribus
350 1343 416 1409 suis
437 1344 506 1426 Ing.
530 1349 559 1424 4,
568 1384 592 1430 t·

228 1477 354 1521 mnnnrn
386 1476 568 1522 conserere:
598 1478 639 1522 ne
668 1456 839 1541 pauciores
869 1477 942 1520 cum
971 1455 1120 1539 pluribus
1152 1461 1210 1521 aut
1237 1453 1336 1521 rudes

138 1589 217 1634 cum
241 1568 331 1634 bello
353 1566 542 1634 melioribus
564 1590 695 1635 manum
717 1573 925 1634 consererent
945 1568 1013 1652 lug.
1037 1574 1119 1654 49,2.

229 1681 511 1764 Praepositioncm
535 1687 656 1762 ‚,cum“,
678 1702 763 1765 qnae
785 1701 838 1745 res
860 1681 954 1764 quasi
977 1681 1165 1760 comitatur,
1188 1679 1337 1745 adhiberi

138 1793 184 1858 ad
206 1792 457 1877 significandum
479 1793 610 1859 modum
637 1797 670 1858 et
692 1794 861 1871 rationem,
886 1792 956 1876 jam
978 1792 1175 1876 supradixi.
1220 1791 1337 1857 Confer

137 1904 339 1989 1000s21ug.
364 1888 460 1991 lta·
485 1911 567 1992 cap.
590 1911 674 1991 aaa.
697 1909 781 1991 sag.
827 1904 880 1969 cr.
900 1904 977 1988 nep.
999 1911 1027 1970 e.
1051 1910 1101 1970 25.
1125 1904 1178 1969 cr.
1200 1903 1281 1967 mn
1306 1909 1334 1968 r.

137 2017 178 2082 fr.
201 2019 246 2083 Π.
270 2023 319 2082 23.
345 2016 384 2082 fr.
406 2017 445 2082 II.
471 2023 521 2083 40.

705 2216 777 2286 De.

231 2354 400 2437 Nusquam
422 2354 510 2438 apud
537 2353 727 2419 Sallustium
757 2354 920 2419 invenitur
946 2354 1145 2438 praepositio
1171 2352 1220 2420 de.
1252 2373 1336 2435 quae

141 2467 271 2532 indicat
291 2472 424 2545 motum,
447 2486 511 2548 quo
534 2466 645 2548 aliqua
660 2486 719 2531 'res
740 2465 863 2530 secedit
886 2471 919 2530 et
942 2463 984 2529 ad
1006 2465 1105 2530 alium
1132 2465 1240 2530 locum
1260 2485 1336 2548 pro-

141 2580 242 2644 cedit.
287 2579 371 2644 Nam
402 2579 515 2662 optimi
546 2577 674 2643 codices
703 2577 859 2643 exhibent
887 2577 955 2643 Cat.
979 2585 1063 2664 61‚3.
1094 2578 1150 2661 qui
1180 2577 1336 2642 constris

141 2690 274 2756 visundi
296 2695 354 2756 aut
372 2689 532 2775 spoliandi
553 2690 660 2773 gratia
681 2695 918 2773 processerant,
939 2711 1004 2755 non
1027 2697 1066 2756 de
1086 2690 1210 2755 eastris.
1254 2689 1336 2754 Fere

141 2802 295 2868 omnibus
326 2803 406 2868 locis
436 2809 475 2868 de
503 2803 694 2868 vertendum
728 2808 778 2867 est
807 2802 860 2883 „in
888 2801 1030 2868 Becreffl‘
1065 2807 1097 2867 et
1128 2801 1335 2887 conjungitur

142 2936 220 2980 cum
242 2914 293 2979 his
314 2914 438 2980 verbis:

233 3031 385 3092 abnuere:
409 3026 449 3091 de
471 3026 538 3092 ullo
561 3026 691 3110 negotio
714 3026 857 3092 abnuere
880 3026 1023 3092 audebat
1042 3027 1111 3109 Ing.
1134 3032 1217 3111 84‚3.

234 3144 409 3205 absolvere:
431 3139 471 3205 de
494 3138 653 3204 Catilinae
676 3139 899 3222 conjuratione
993 3137 1160 3202 absolvam
1182 3138 1251 3204 Cat.
1275 3144 1335 3224 4,3.

233 3258 393 3330 occipere:
417 3251 458 3316 dc
479 3251 566 3316 bello
589 3271 701 3316 eorum
722 3251 791 3333 Ing.
814 3255 896 3335 21‚4.
926 3250 966 3316 de
988 3250 1146 3315 ambobus
1168 3250 1236 3333 lug.
1260 3255 1336 3336 73,3.

144 3364 187 3429 de
209 3385 244 3429 rc
267 3364 399 3448 publica
485 3364 599 3448 paucis
621 3362 733 3447 accipe
753 3363 823 3446 Ing.
848 3368 952 3449 110,6.

233 3483 418 3542 admonere:
452 3476 492 3541 de
511 3475 656 3541 moribus
678 3475 818 3540 civitatis
840 3479 969 3559 tempus
990 3474 1158 3541 admonuit
1180 3476 1247 3541 Cat.
1273 3483 1335 3561 5,9.

232 3609 345 3669 opere:
378 3608 442 3653 non
471 3588 580 3672 agitur
609 3587 649 3653 de
670 3587 884 3671 vectigalibus
916 3610 1021 3672 neque
1042 3588 1082 3654 de
1104 3589 1266 3653 sociorum
1287 3588 1335 3652 in·

142 3701 238 3785 juniis
261 3700 329 3765 Cat.
352 3705 434 3786 52,6.
467 3701 507 3766 de
538 3700 686 3765 omnibus
720 3700 926 3785 pactionibus
956 3721 1111 3784 praesens
1140 3721 1237 3784 agere
1265 3700 1335 3784 Ing.

147 3818 223 3898 29,3.

233 3930 370 4007 opilare.
397 3925 438 3990 de
460 3925 548 3990 facto
571 3925 711 3990 consulis
733 3926 802 4008 Ing.
825 3930 908 4010 30,1.

234 4043 363 4103 andire:
388 4037 427 4102 de
448 4036 572 4121 proelio
595 4036 683 4102 facto
706 4041 738 4102 et
760 4037 1002 4120 oppugnatione
1023 4036 1131 4102 Cirtae
1158 4036 1335 4102 audieban-

146 4154 201 4214 tur
220 4150 288 4233 Ing.
312 4155 396 4235 221.

232 4272 355 4327 certare
365 4291 373 4324 .·
406 4261 445 4326 de
466 4260 585 4325 virtute
607 4260 676 4325 Cat.
700 4266 761 4346 9‚2.
793 4265 952 4326 certatum
982 4261 1145 4344 utrimque
1168 4260 1209 4326 de
1232 4260 1334 4326 domi·

146 4374 277 4438 natione
300 4374 352 4439 Or.
376 4373 476 4438 Macr.
503 4378 549 4437 ll.

232 4506 434 4566 connectere:
466 4486 506 4550 de
539 4507 617 4550 casu
646 4484 837 4551 Bomilcaris
868 4491 901 4551 et
927 4485 1048 4552 indicio
1077 4486 1243 4570 patefacto
1265 4487 1333 4569 Iug.
