3134 5042
668 353 883 412 ..11-

269 560 398 619 expers:
424 544 546 618 patrio,
563 544 661 618 soma,
684 537 817 603 fortuna
826 537 896 603 Cat.
918 544 984 625 33‚2
1005 560 1121 624 expers
1137 528 1369 605 oonsiliinveni

181 649 234 717 Or.
256 649 339 715 Phil.
362 656 410 716 ll.

267 762 435 829 Interdum
466 762 640 829 adhibetur
669 762 872 847 praepositio
903 784 942 843 a,
974 783 1059 846 quae
1085 762 1193 829 locum
1220 763 1271 829 vel
1299 784 1370 830 rem

181 875 354 961 signifieat,
376 897 398 940 a
421 895 486 960 qua
507 873 632 959 aliquid
650 873 758 940 distat.
1036 862 1052 919 1

268 992 404 1053 alienas:
440 987 602 1053 sententia
623 1036 631 1052 .
654 1036 661 1051 .
683 1036 691 1051 .
735 987 843 1052 aliena
865 993 1089 1067 erepublica
1108 991 1222 1054 nostra
1241 985 1369 1054 videtur

182 1100 251 1165 Cat.
265 1105 357 1184 5117.
401 1099 512 1164 Cioero
535 1099 703 1185 conjungit
724 1098 851 1166 alienus
871 1121 944 1165 eum
960 1099 1114 1180 ablativo,
1136 1098 1246 1165 dativo
1269 1103 1311 1179 et,
1332 1104 1371 1166 ut

183 1213 312 1291 Caesar,
334 1232 407 1276 eum
428 1211 668 1295 praepositione
690 1231 720 1292 a,
740 1211 907 1277 rarissima
926 1232 1000 1277 eum
1020 1215 1163 1293 penitae,
1186 1211 1242 1294 qui
1263 1215 1372 1277 exstat

182 1323 271 1409 apud
293 1323 482 1389 Sallustium
505 1323 574 1389 Cat.
603 1330 670 1409 415
700 1343 806 1406 neque
833 1323 941 1390 aliena
962 1329 1078 1390 conati.
1123 1323 1220 1407 Apud
1245 1323 1371 1389 Livium

181 1436 361 1522 reperimus
383 1435 528 1501 dativum
553 1440 638 1522 l‚20,3
661 1441 748 1516 penti
760 1435 937 1503 conditoris
952 1434 1041 1502 haud
1052 1435 1203 1516 alienum,
1225 1435 1371 1501 dativum

180 1548 231 1613 vel
244 1548 423 1614 ablativum
446 1553 554 1633 29‚29,3
578 1552 711 1628 rebitas.
736 1553 860 1635 35,49,13
883 1552 984 1613 rebus.
1008 1547 1048 1612 of.
1070 1547 1222 1613 Kiihnast
1242 1569 1274 1631 p.
1300 1553 1370 1613 171.

267 1659 364 1743 Apud
375 1659 565 1725 Sallustium
574 1658 712 1743 legimus
723 1658 793 1726 cat.
807 1665 873 1747 bbg
897 1658 993 1725 simul
1003 1659 1145 1726 alienum
1160 1664 1226 1725 ruis
1242 1664 1370 1725 rationi·

180 1776 245 1837 bur.
289 1771 408 1836 Utrum
430 1771 559 1837 dativus
581 1792 623 1835 an
645 1770 808 1837 ablativus
832 1772 875 1837 sit
897 1771 1078 1857 dijudicare
1099 1790 1165 1837 non
1185 1792 1326 1855 possum.

268 1888 425 1949 diversas:
460 1887 499 1949 ab
527 1888 575 1948 tir
602 1883 699 1967 longe
727 1883 873 1949 diversas
897 1882 1027 1949 litteras
1048 1883 1118 1949 Cat
1150 1888 1217 1969 34‚4
1244 1882 1370 1967 legatos

181 1995 281 2061 alium
304 1999 342 2060 ob
368 1999 430 2061 olio
452 1993 597 2061 diversos
620 1994 811 2079 aggreditur
830 1995 898 2080 lug.
924 2001 1012 2081 4⁶³4?
1033 2000 1072 2061 ab
1095 2016 1133 2061 eo
1150 2002 1240 2076 soma
1263 1994 1369 2060 divor-

181 2130 254 2173 sum
281 2112 331 2172 est
351 2107 421 2190 Iug.
453 2112 518 2193 17³⁷
542 2111 664 2172 divorso
690 2112 803 2172 ttinere
822 2107 927 2173 malos
949 2130 970 2173 α
990 2111 1076 2173 bonis
1097 2106 1172 2173 loea
1191 2111 1302 2173 taetra
1321 2106 1370 2171 in·

182 2220 280 2299 culta,
303 2218 401 2284 foeda
422 2223 522 2304 atque
544 2218 758 2285 formidulosa
779 2217 903 2286 habere
926 2219 996 2286 Cat
1020 2224 1112 2306 6113.

266 2337 389 2412 integer
399 2360 408 2394 .·
445 2332 494 2397 uti
525 2330 765 2397 adulescentior
796 2335 830 2397 et
858 2353 878 2396 a
907 2330 1021 2416 populi
1050 2329 1214 2415 suffragiis
1245 2330 1372 2414 integer

182 2443 284 2509 aetati
306 2442 499 2509 consederet
519 2441 676 2509 Mamerci
704 2441 743 2507 fr.
766 2444 791 2509 Ι.
824 2447 873 2509 52.
918 2442 958 2509 cf.
986 2442 1097 2508 Livius
1118 2447 1226 2528 38‚14‚3
1250 2448 1370 2528 45‚37,3.

267 2560 407 2635 quietas:
430 2555 574 2639 quietam
590 2558 708 2621 cabellis
722 2555 886 2621 civitatem
896 2554 937 2620 fr.
948 2554 972 2620 Ι.
997 2559 1068 2621 112.
1090 2553 1130 2620 of.
1150 2554 1260 2621 Livius
1283 2557 1367 2640 234„

182 2688 255 2732 eum
277 2671 312 2732 et
329 2666 410 2732 loris
433 2667 545 2752 quieta
568 2666 677 2733 omnia
699 2687 720 2733 a
739 2666 836 2733 bellis
858 2671 975 2732 esseut

268 2788 371 2843 tatur·
402 2779 452 2844 uti
474 2798 613 2862 corpora
639 2783 753 2845 nostra
783 2783 858 2845 tuta
881 2783 919 2844 ob
940 2783 1061 2859 inparia
1082 2777 1191 2844 forent
1212 2776 1281 2843 cat.
1304 2781 1370 2863 332

182 2889 366 2956 11011111
397 2896 481 2977 7‚14‚9
511 2891 553 2957 ab
583 2891 669 2957 omni
695 2891 851 2975 periculo.

267 3001 396 3069 Aoeedo
419 3001 462 3068 ad
484 3002 640 3069 adverbia
663 3002 760 3090 hujus
784 3003 943 3071 notionis:

267 3119 399 3181 Procul:
422 3114 509 3198 quod
520 3114 631 3182 Livius
654 3117 822 3201 conjungit
842 3137 916 3182 eum
926 3115 1069 3181 ablativo
1091 3113 1131 3180 ef.
1155 3120 1242 3201 bggffi
1268 3118 1370 3201 ⁷2:921:

184 3234 291 3315 1⁰:3⁷2:
315 3233 376 3293 ete.
399 3226 439 3292 ef.
452 3227 602 3292 Kiihnaet
620 3249 652 3312 p.
676 3233 735 3293 171
762 3228 852 3312 apud
874 3225 1064 3293 Sallustium
1086 3247 1213 3311 semper
1235 3226 1373 3292 assumit

181 3339 472 3426 praepositionem:
494 3339 610 3423 procul
627 3362 648 3405 a
668 3362 705 3405 re
724 3344 854 3421 publico
871 3339 940 3422 lug.
969 3345 1025 3426 4,3.
1055 3338 1098 3406 ab
1128 3345 1256 3421 imperio
1285 3339 1372 3424 regis

187 3453 256 3536 Iug.
287 3458 363 3538 78‚4.
416 3457 540 3517 amori
561 3452 631 3536 lug.
660 3459 737 3539 89‚7.
769 3457 807 3519 ab
838 3458 932 3520 doma
980 3452 1040 3537 Ep.
1067 3451 1178 3519 Mithr.
1209 3457 1256 3518 16.
1287 3452 1372 3533 Quin

182 3565 282 3631 etiam
317 3563 374 3629 ubi
409 3562 489 3630 urbs
525 3565 712 3631 nominatur
750 3565 888 3649 legimus
924 3566 1212 3649 praepositionem:
1257 3562 1372 3647 proeul

183 3676 308 3742 aCirta
328 3676 397 3758 Iug.
420 3679 485 3762 821
511 3697 532 3741 1
550 3675 698 3743 Gadibus
720 3677 759 3743 fr.
783 3678 808 3743 L
831 3682 882 3744 61.
896 3676 1058 3744 ablativus
1072 3680 1180 3742 exstat
1201 3675 1289 3759 apud
1306 3674 1372 3740 Pli-

183 3787 271 3854 nium
286 3792 352 3853 nat.
376 3786 450 3852 hist.
472 3788 588 3873 prooul
609 3788 797 3855 Grumento.
820 3788 860 3854 of.
879 3789 1027 3872 Draeger
1046 3810 1077 3871 p.
1100 3794 1172 3856 496.

268 3905 356 3965 houd
376 3907 510 3980 procul:
539 3905 578 3965 ab
600 3906 766 3967 ardoribus
788 3902 857 3985 lug.
882 3906 957 3986 lssa·
984 3904 1023 3966 ab
1045 3905 1159 3979 oppido
1183 3899 1273 3966 Cirta
1301 3900 1370 3983 Ing.

184 4018 260 4099 88,3.
283 4017 322 4077 ob
345 4018 444 4078 latere
465 4011 593 4078 oestelli
612 4013 680 4096 lug.
704 4019 780 4098 93‚2⁴
804 4012 884 4076 Cum
906 4010 1006 4078 verbo
1027 4015 1142 4077 tabae
1164 4011 1372 4097 conjunctum

184 4123 312 4190 estht.
337 4128 379 4209 4‚1
403 4128 547 4190 aetatem
567 4145 588 4188 a
604 4145 641 4190 re
651 4123 785 4209 publiea
794 4122 910 4207 proeul
919 4121 1105 4189 habendam
1116 4122 1254 4190 decrevi.
1275 4144 1372 4205 apere

182 4235 251 4320 lug:
274 4241 320 4322 4‚3
343 4239 485 4301 aetatem
507 4237 622 4319 proeul
644 4256 665 4301 a
686 4255 722 4301 re
745 4234 878 4318 publica
899 4255 1006 4318 agere.

271 4356 361 4428 longe
384 4368 512 4431 semper
533 4348 680 4430 sequitur
701 4347 919 4431 praepositio:
942 4367 964 4412 1
985 4347 1052 4413 suis
1074 4347 1142 4414 Cat.
1165 4353 1233 4432 61,4
1253 4369 1273 4412 a
1295 4369 1371 4413 eon-

182 4459 301 4524 tineuti
323 4458 362 4523 fr.
384 4458 440 4523 HL
466 4464 515 4524 57.
