3134 5042
280 1448 484 1531 Quamquam
500 1447 585 1513 inter
603 1467 714 1514 omnes
731 1452 868 1528 constat,
890 1446 1055 1514 Ciceronis
1071 1446 1230 1531 imprimis
1252 1447 1381 1513 dicendi

193 1559 353 1625 rationem
385 1580 455 1625 esse
484 1559 677 1625 imitandam
705 1561 739 1624 iu
769 1565 841 1626 arte
861 1559 963 1625 latine
985 1558 1165 1639 scribendi,
1191 1564 1302 1625 tamen
1324 1559 1381 1624 alii

191 1671 298 1736 minus
326 1671 490 1755 elegantes
511 1672 733 1738 Romanorum
763 1672 941 1756 scriptores
970 1671 1099 1737 omnino
1127 1691 1192 1736 non
1213 1671 1381 1755 rejiciendi

193 1788 251 1848 aut
267 1782 441 1866 spernendi
456 1788 539 1848 suut.
562 1783 637 1848 Siue
655 1783 754 1849 dubio
768 1783 913 1848 studium
932 1803 1045 1849 corum
1066 1783 1203 1848 multum
1225 1782 1322 1849 affert
1338 1782 1380 1848 ad

193 1894 406 1960 excolendam
428 1899 533 1960 artem
555 1895 810 1978 grammaticam,
832 1915 916 1979 quae
938 1915 1002 1960 nou
1023 1893 1170 1978 perfecta
1192 1900 1290 1978 atque
1314 1914 1381 1959 om·
1491 1922 1493 1927 ·

192 2005 290 2072 nibus
318 2007 462 2073 numeris
491 2007 643 2073 absoluta
664 2007 744 2087 erit,
770 2007 833 2072 nisi
860 2006 1114 2091 uniuscujusque
1143 2006 1312 2090 scriptoris
1334 2006 1382 2071 di·

194 2118 288 2183 cendi
303 2139 404 2202 genus
419 2123 573 2184 accurate
588 2117 817 2185 illustrabitur.
861 2118 954 2199 Quod
974 2122 1013 2184 ut
1031 2117 1127 2183 fieret
1141 2123 1253 2184 nostra
1273 2123 1382 2183 aetate

192 2229 287 2299 multi
308 2230 369 2295 viri
387 2230 606 2296 incubuerunt
618 2231 653 2297 in
667 2231 939 2315 loquendiusum
962 2235 996 2296 et
1018 2230 1200 2315 priscorum
1220 2234 1254 2295 et
1272 2233 1382 2314 poste·

194 2343 318 2408 riorum
341 2343 536 2427 scriptorum
551 2343 820 2428 investigandum.
865 2343 946 2409 Cum
966 2342 1140 2409 historicos
1162 2343 1381 2408 Romanorum

194 2454 423 2520 celeberrimos
446 2461 567 2539 specto,
589 2455 726 2521 Liviana
749 2461 781 2521 et
803 2456 937 2521 Tacitea
959 2456 1065 2520 oratio
1087 2454 1156 2521 fere
1177 2456 1211 2520 in
1233 2454 1382 2521 omnibus

192 2567 343 2650 partibus
371 2571 515 2633 tractata
544 2572 595 2634 est
622 2589 642 2633 a
671 2568 750 2634 viris
778 2567 974 2634 doctissimis
994 2567 1146 2634 Kiilmast
1173 2571 1206 2632 et
1226 2566 1381 2650 Draegcr.

193 2679 244 2744 Ad
260 2678 411 2745 Caesaris
431 2679 560 2744 dicendi
581 2680 740 2746 rationem
763 2679 1021 2764 cognoscendam
1042 2680 1180 2745 multum
1201 2678 1383 2744 attulerunt

193 2790 441 2856 dissertationes
463 2790 618 2873 Fischeri,
649 2812 733 2876 quae
762 2791 955 2875 prodierunt
976 2791 1070 2858 Halis
1095 2792 1189 2857 annis
1218 2795 1310 2857 1853.
1332 2796 1382 2856 54.

279 2901 479 2969 Sallustiana
507 2904 612 2969 oratio
642 2924 707 2969 non
736 2902 886 2970 omnibus
915 2904 1058 2970 numeris
1079 2903 1302 2988 pervestigata
1323 2907 1382 2967 est.

194 3013 278 3078 Nam
304 3019 437 3098 praeter
458 3014 682 3082 Badstiibner:
711 3016 779 3097 „De
809 3016 933 3083 Salusti
962 3015 1092 3082 dicendi
1118 3036 1245 3100 genere,
1276 3014 1381 3081 Berol.

199 3130 289 3191 1863.
341 3127 407 3207 4⁰“,
438 3127 620 3193 Anschiita:
650 3128 779 3194 Selecta
808 3128 918 3213 capita
947 3128 987 3193 de
1017 3128 1146 3213 syntaxi
1175 3127 1383 3208 Sallustiana,

74 3238 77 3245 “
194 3237 287 3302 Halis
310 3243 402 3319 1873,
427 3238 565 3305 Gurlitz:
585 3239 635 3304 De
650 3240 783 3323 genitivi
805 3238 1086 3319 usuSallustiano,
1107 3238 1267 3304 Schrimm
1291 3245 1383 3320 1878,

193 3348 341 3415 Hercher
369 3350 498 3431 „Ueber
536 3350 598 3416 den
628 3350 803 3417 Gebrauch
836 3351 893 3417 des
921 3351 1133 3418 Accusatives
1165 3350 1219 3417 bei
1252 3351 1383 3432 Sallust,

195 3461 283 3527 cera
317 3467 410 3543 1878,
439 3483 543 3543 nemo,
575 3463 663 3546 quod
692 3464 769 3545 scio,
800 3465 951 3550 syntaxin
984 3464 1215 3531 Sallustianam
1245 3464 1383 3548 scripsit.

196 3575 304 3654 Quare
327 3573 462 3641 ablativi
485 3596 580 3641 casus
602 3576 729 3642 varium
756 3597 851 3642 usum
874 3577 962 3662 apud
980 3577 1172 3644 Sallustium
1192 3576 1383 3661 perquirere

194 3691 228 3751 et
250 3685 407 3770 exemplis
428 3686 594 3754 illustrare
606 3689 744 3773 suscepi.
789 3690 945 3756 Normam
957 3694 1057 3773 atque
1071 3689 1219 3773 regulam
1230 3688 1274 3754 ad
1285 3707 1384 3772 quam

195 3818 277 3880 opus
302 3798 538 3865 instituendum
567 3800 627 3882 sit,
655 3800 736 3866 mihi
766 3801 923 3886 proposui
953 3800 1199 3868 dissertationes
1228 3798 1384 3880 Fischeri,

195 3929 276 3992 quas
298 3930 398 3993 supra
419 3912 590 3978 nominavi.
634 3913 672 3979 ln
694 3917 789 3978 textu
811 3919 845 3979 et
865 3912 946 3979 locis
962 3911 1136 3979 laudandis
1159 3917 1290 3979 secutus
1312 3933 1384 3979 sum

194 4042 361 4103 numeros,
390 4024 447 4107 qui
475 4029 551 4089 sunt
579 4023 666 4109 apud
696 4022 873 4089 Rud'olfum
906 4024 1125 4090 Dietschium:
1154 4023 1218 4090 Gai
1250 4025 1385 4092 Sallusti

194 4134 309 4219 Crispi,
331 4155 415 4218 quae
438 4141 621 4220 supersunt,
643 4134 774 4218 Lipsiae
799 4140 891 4203 1859.

279 4247 350 4312 Iam
370 4247 488 4332 priscis
509 4247 711 4331 temporibus
731 4246 875 4329 quinque
896 4246 1027 4314 casibus
1047 4247 1170 4315 latinae
1193 4249 1384 4315 declinatio·

193 4360 243 4424 nis
267 4358 398 4424 additus
427 4364 478 4424 est
498 4360 636 4441 „Sextus
667 4365 792 4442 casus“;
815 4359 872 4443 qui
893 4360 1046 4444 proprius
1068 4366 1118 4426 est
1138 4360 1269 4442 latinus,
1292 4362 1385 4446 cujus

194 4471 242 4536 vis
264 4470 352 4553 apud
369 4471 513 4536 Graecos
534 4493 594 4556 per
609 4473 785 4555 genitivum
804 4472 986 4556 explicatur
1002 4472 1041 4538 cf.
1061 4472 1235 4539 Diomedes
1256 4495 1287 4558 p.
1311 4478 1383 4538 302.

680 4611 950 4729 ascesa
1137 4577 1176 4627 ¹*
