3134 5042
705 320 921 381 ...gg-

218 507 390 590 Iug.18‚5.
442 508 476 569 et
503 523 616 568 eorum
647 502 786 587 perfidia
810 526 874 584 pro
903 504 1002 570 armis
1032 504 1081 568 uti
1106 507 1204 587 parat
1231 504 1301 586 lug.
1324 509 1401 589 61,3.

216 638 276 698 pro
298 620 404 682 tubae
425 615 560 695 desidia,
584 635 648 695 pro
669 621 858 682 continentia
879 621 914 681 et
933 621 1089 696 cenatote
1109 614 1211 680 libido
1235 620 1335 698 atque
1355 637 1403 680 su·

217 728 334 814 perbia
354 727 502 794 invasere
518 727 658 813 Cattffi.
683 734 978 807 propraetorem«)
1001 731 1197 803 abstinentia,
1214 749 1278 806 pro
1300 733 1405 792 virtute

219 839 359 906 audacia
379 838 511 924 largitio
535 840 673 906 avaritia
695 839 849 923 vigebant
871 839 939 905 Oat
964 844 993 918 3,
1000 879 1026 924 3.
1065 859 1128 918 pro
1153 844 1201 904 bis
1224 838 1407 922 superbiam

292 951 371 1018 deos
393 952 557 1036 negligere
580 951 689 1017 omnia
710 951 839 1017 venalia
863 950 986 1016 habere
1008 949 1140 1016 edocuit
1160 950 1228 1017 Cat.
1242 957 1291 1031 10,
1303 992 1327 1036 4.
1361 952 1407 1015 in·

224 1069 316 1131 certa
331 1086 396 1146 pro
418 1069 522 1141 certa,
551 1062 674 1129 bellum
695 1083 794 1146 quam
816 1083 931 1147 pacem
953 1060 1120 1127 malebant
1140 1061 1209 1128 Cat.
1235 1068 1319 1148 17,6.
1362 1064 1408 1127 in·

219 1181 310 1243 certa
327 1196 390 1256 pro
410 1180 505 1242 certis
528 1180 694 1258 captarem
717 1173 787 1240 Cat.
801 1179 851 1253 20,
859 1215 884 1260 2.
910 1195 973 1254 pro
993 1179 1114 1239 incerta
1135 1194 1191 1253 spe
1213 1179 1409 1258 certaprae·

218 1288 285 1353 mia
307 1287 376 1354 Oat.
392 1293 477 1374 41„.
515 1309 578 1367 pro
600 1290 648 1351 bis
670 1306 730 1352 nos
751 1285 910 1351 habemus
930 1286 1093 1351 luxuriam
1115 1291 1215 1370 atque
1238 1287 1409 1351 arentiam

218 1399 349 1485 pubhce
371 1403 549 1482 egestatem
571 1397 725 1482 privatim
747 1397 948 1482 opulentiam
970 1397 1038 1462 Ost
1055 1402 1155 1483 52,22.
1187 1397 1331 1481 integros
1347 1420 1409 1478 pro

220 1511 340 1578 sauciis
362 1530 531 1576 accersere
553 1509 622 1576 Cat
646 1515 730 1595 ⁶⁰24·
774 1508 919 1575 barbara
941 1509 1054 1593 lingua
1074 1508 1208 1574 Mauros
1224 1530 1288 1589 pro
1311 1515 1410 1575 Meda

220 1621 423 1707 adpellantes
444 1622 630 1709 Iug.18,10.
665 1642 730 1688 neu
751 1622 883 1686 nomina
904 1642 1015 1687 rerum
1036 1620 1079 1686 sd
1097 1621 1261 1704 ignaviam
1284 1627 1411 1686 mutan·

218 1740 270 1800 tes
298 1733 401 1799 otium
424 1753 488 1813 pro
516 1739 640 1799 servibo
669 1732 842 1818 appelletis
871 1734 924 1799 Or.
946 1732 1046 1797 Maur.
1073 1737 1121 1797 13.
1159 1753 1223 1812 pro
1253 1744 1333 1798 meta
1360 1755 1411 1799 re-

219 1849 318 1930 pente
341 1844 496 1929 gaudium
525 1850 673 1911 exortum
703 1845 772 1928 lug.
795 1849 846 1924 53,
855 1885 880 1930 3.
924 1845 1051 1911 incerta
1076 1866 1140 1924 pro
1163 1848 1256 1909 certis
1283 1850 1411 1910 mutare

219 1959 288 2041 lug.
311 1961 395 2044 83η.
438 1957 487 2022 ita
516 1961 629 2040 sperat
659 1955 750 2022 illam
779 1977 922 2040 pugnam
944 1977 1009 2036 pro
1038 1961 1136 2021 omine
1161 1955 1240 2022 belli
1268 1955 1412 2022 futuram

219 2069 259 2136 fr.
282 2069 347 2135 lnc.
371 2074 421 2135 61.
466 2073 500 2134 et
527 2088 566 2134 eo
593 2067 825 2152 magnitudinis
855 2067 1079 2152 procederent,
1109 2066 1166 2133 ubi
1190 2088 1254 2148 pro
1275 2075 1411 2134 mortali-

224 2185 280 2247 bas
306 2180 412 2265 gloria
439 2180 565 2246 aeterni
593 2179 710 2245 fierent
739 2180 809 2264 lug.
835 2186 862 2260 1,
869 2220 894 2266 ὗ.
939 2179 1044 2244 Notae
1075 2185 1151 2245 sunt
1177 2179 1253 2246 illae
1283 2180 1412 2246 dicendi

222 2292 381 2359 formulae
403 2298 559 2376 quaestor
577 2313 636 2373 pro
655 2302 805 2371 praetore
826 2291 943 2357 missus
967 2297 1018 2357 est
1032 2291 1100 2358 Cat.
1127 2296 1209 2377 lest.
1240 2292 1323 2357 Aulo
1344 2292 1410 2357 fra·

222 2409 272 2470 tre
294 2404 328 2469 in
346 2404 463 2469 castris
478 2425 541 2485 pro
558 2414 709 2484 praetore
728 2403 844 2469 relicto
865 2403 934 2487 lug.
951 2410 1002 2484 36,
1010 2445 1034 2488 4.
1067 2424 1164 2487 quem
1179 2424 1243 2483 pro
1260 2416 1411 2484 praetore

221 2517 255 2582 in
278 2515 396 2581 castris
418 2515 568 2581 relictum
591 2536 692 2598 supra
715 2514 884 2581 docuimus
904 2516 973 2599 lug.
997 2520 1047 2595 37,
1057 2557 1082 2601 3.
1108 2536 1171 2595 pro
1188 2527 1340 2595 praetore
1361 2538 1410 2581 re·

219 2628 363 2711 liquerat
390 2626 459 2710 Iug.
495 2631 597 2711 103,4.
650 2648 736 2692 nunc
766 2632 818 2692 est
839 2648 903 2707 pro
933 2633 1058 2692 consata
1088 2648 1161 2692 cum
1190 2628 1327 2711 imperio
1357 2627 1409 2692 Or.

223 2738 305 2803 Phil.
329 2744 357 2803 7.
409 2758 482 2804 cum
513 2739 549 2818 Q.
580 2737 696 2804 Catulo
715 2759 780 2818 pro
811 2745 935 2804 consule
965 2744 999 2803 et
1030 2741 1147 2804 ceteris
1180 2738 1233 2803 Or.
1259 2739 1340 2803 Phil.
1361 2745 1409 2803 22.

222 2852 280 2931 Qu.
311 2849 472 2915 Marcium
500 2849 622 2934 Regem
646 2871 710 2931 pro
739 2857 863 2915 consule
891 2870 952 2934 per
981 2851 1248 2935 Lycaoniam
1278 2850 1410 2916 tendere

221 2963 260 3028 fr.
285 2962 322 3028 V.
348 2967 397 3026 11.
440 2983 504 3027 neu
529 2961 602 3044 quis
623 2962 716 3027 miles
738 2982 819 3027 neve
835 2983 898 3043 pro
920 2967 1014 3027 milite
1034 2962 1073 3028 fr.
1095 2962 1160 3027 Inc.
1184 2967 1234 3028 49.

306 3079 368 3139 Pro
391 3072 553 3158 significat
580 3074 615 3139 id
647 3073 735 3158 quod
765 3074 907 3158 speciem
936 3073 1075 3159 alicujus
1101 3074 1150 3138 rei
1177 3074 1292 3156 induit,
1325 3075 1410 3159 quod

220 3186 325 3251 instar
353 3190 403 3251 est
434 3186 572 3271 alicujus
601 3187 659 3252 rei.
713 3186 818 3270 Saepe
847 3185 935 3250 idem
964 3190 1014 3252 est
1043 3186 1130 3268 quod
1159 3197 1217 3263 ιιι,Ι
1240 3197 1410 3267 tamquam:

221 3297 311 3363 nulla
324 3318 388 3377 pro
410 3303 496 3363 socio
518 3297 644 3364 obtinet
664 3298 733 3382 Iug.
756 3305 840 3383 80,6.
879 3299 1043 3381 quianon
1065 3297 1218 3382 fugerant
1233 3320 1297 3378 pro
1319 3306 1409 3365 nicto-

221 3413 308 3475 ribus
328 3429 426 3492 agere
449 3411 517 3494 lug.
541 3416 591 3491 98,
599 3452 624 3495 6.
670 3431 724 3476 eos
742 3410 797 3476 ille
820 3430 885 3475 non
901 3432 965 3491 pro
988 3414 1075 3475 vanis
1098 3416 1243 3489 testibus,
1274 3412 1324 3477 uti
1345 3433 1409 3476 me

221 3521 278 3586 riti
300 3525 403 3601 erant,
424 3521 482 3587 sed
503 3527 657 3588 accurate
680 3527 713 3588 et
734 3522 917 3588 liberaliter
937 3521 1053 3588 habuit
1073 3523 1142 3606 lug.
1165 3529 1267 3609 1⁰3ss·
1288 3524 1409 3606 plebes,

222 3634 438 3718 quodcunque
469 3633 589 3699 accidit
613 3655 677 3715 pro
706 3640 793 3699 victis
829 3640 879 3699 est
909 3640 942 3699 et
971 3635 1005 3698 in
1036 3633 1105 3699 dies
1133 3635 1237 3718 magis
1268 3635 1331 3700 erit
1357 3636 1409 3700 Or.

221 3744 322 3811 Maon.
346 3750 397 3811 28.
436 3750 602 3830 postremo
626 3745 721 3812 sociis
742 3747 859 3812 vestris
882 3746 983 3811 veluti
1003 3746 1161 3827 hostibus,
1184 3746 1333 3813 hostibus
1348 3769 1409 3827 pro

97 3882 103 3905 ι
221 3862 312 3923 sociis
333 3863 469 3923 utuntur
490 3859 558 3942 lug.
582 3863 683 3945 31,23.

308 3969 494 4054 Usurpatur
511 3992 576 4050 pro
599 3970 639 4035 de
662 3972 769 4054 gratia
786 3970 923 4055 alicujus
943 3969 991 4035 rei
1010 3970 1061 4034 vel
1084 3971 1199 4055 pretio,
1221 3991 1286 4054 qua
1302 3971 1410 4054 aliqua

222 4103 276 4146 res
302 4081 674 4165 expenditurzconvicti
692 4083 825 4168 judiciis
844 4089 902 4148 aut
917 4104 981 4162 pro
999 4088 1097 4162 saetis
1114 4082 1274 4166 judicium
1296 4084 1409 4148 timen-

222 4198 273 4258 tes
294 4193 459 4280 Oat.14‚3.
497 4194 628 4259 civitate
649 4215 709 4273 pro
730 4199 831 4258 maltis
854 4199 888 4259 ct
909 4200 1044 4275 eprepiis
1061 4201 1160 4275 sactis
1182 4216 1202 4259 a
1221 4194 1312 4261 vobis
1335 4196 1410 4261 data

224 4305 278 4370 Or.
301 4304 377 4389 Lep.
401 4309 450 4369 12.
489 4327 552 4385 pro
574 4310 683 4386 quibus
714 4310 868 4383 beneficiis
892 4307 946 4371 vix
978 4306 1058 4371 satis
1089 4311 1201 4389 gratus
1223 4307 1336 4372 videar
1358 4307 1409 4372 Or.

225 4417 308 4481 Oott.
330 4424 357 4481 5.
403 4416 562 4480 volentem
579 4439 642 4496 pro
665 4422 806 4481 maximis
827 4420 981 4494 beneficiis
1012 4419 1155 4487 animam
1178 4418 1263 4483 dono
1286 4419 1410 4484 dedisse
