3134 5042
680 350 947 437 -12-¹

276 526 337 602 uon
359 543 469 617 boae:
492 557 513 601 a
531 534 701 602 moenibus
722 536 792 620 lug.
815 541 896 620 89...

277 655 364 714 baud
383 656 490 729 ienae:
521 648 564 714 ab
593 669 632 714 eo
652 649 770 714 itinere
801 649 870 732 lug.
893 653 957 733 47,1
983 668 1004 712 a
1024 647 1156 712 flumine
1177 647 1246 730 lug.
1270 651 1336 732 925
1360 667 1382 710 a

190 761 274 828 mari
294 762 363 846 lug.
385 767 451 847 212
475 760 518 826 ab
539 759 660 845 oppido
683 760 774 827 Cirta
795 760 864 844 lug.
889 765 985 845 ¹0¹u·

276 879 398 955 iouaius
419 892 479 938 nos
501 871 543 938 ab
565 872 695 957 incepto
720 872 867 938 traheret
888 872 957 938 Ost
982 877 1037 956 ⁷³⁷·

271 991 422 1067 prosius:
457 983 546 1069 quod
576 983 679 1050 multo
707 984 842 1068 propius
875 988 926 1050 est
948 989 986 1050 ob
1009 1004 1045 1049 eo
1066 1004 1131 1068 quo
1154 985 1259 1068 agitat
1280 988 1378 1063 statu,

192 1120 290 1183 quam
313 1120 354 1165 ex
374 1116 459 1182 pace
480 1146 488 1161 .
511 1145 519 1161 .
541 1146 549 1161 .
571 1095 616 1162 ad
636 1117 729 1162 arma
751 1096 861 1162 civilia
881 1096 935 1162 Or.
958 1095 1040 1161 Phil.
1064 1101 1113 1163 10.

280 1210 353 1276 Uno
383 1209 456 1274 loco
486 1207 650 1274 ablativus
680 1229 776 1274 verus
799 1207 989 1294 subjunctus
1009 1212 1060 1274 est
1080 1212 1286 1274 substantioe:
1315 1207 1379 1272 dis·

193 1322 297 1389 cessio
319 1319 427 1405 plebei
448 1343 469 1386 u
484 1323 631 1401 putribus
654 1319 804 1405 aliaeque
817 1320 1034 1387 dissensiones
1045 1319 1133 1385 domi
1145 1319 1287 1385 fuerefr.
1308 1321 1333 1386 Ι.
1349 1325 1378 1384 9.

278 1433 358 1500 Cum
379 1431 489 1498 verbis
508 1432 721 1498 remotionem
742 1431 1001 1517 significantibus
1023 1431 1200 1498 cohaerent
1220 1432 1321 1498 verba
1340 1431 1380 1496 li-

188 1545 335 1626 berandi,
355 1543 510 1611 nudandi
650 1522 654 1545 ⁸

274 1661 429 1723 liberare:
447 1655 525 1723 dum
539 1677 579 1722 ea
592 1678 645 1723 res
662 1655 827 1722 civitatem
842 1676 918 1722 cere
933 1660 1034 1721 alieno
1050 1655 1208 1723 liberaret
1219 1657 1287 1723 Oat.
1301 1662 1378 1741 40‚4.

276 1790 410 1836 muers:
433 1769 606 1853 ipsumque
627 1790 738 1854 regem
761 1818 769 1833 .
792 1819 800 1833 .
823 1818 831 1834 .
854 1773 950 1833 armis
969 1769 1185 1852 exueratlug.
1209 1774 1275 1855 88‚3
1301 1790 1379 1834 exu-

189 1887 243 1948 tus
265 1887 394 1963 imperio
423 1885 527 1963 clorio
550 1887 629 1962 sure
659 1882 714 1948 Or.
744 1881 822 1966 Lep.
852 1881 893 1947 II.
924 1880 1013 1946 exuti
1035 1884 1182 1957 omuibus,
1205 1902 1290 1966 quae
1310 1902 1379 1946 ma-

185 1995 277 2080 jores
299 1993 461 2078 reliquere
473 1993 527 2059 Or.
540 1993 641 2060 Macr.
665 2000 694 2060 6.
738 1994 815 2060 exui
836 2000 936 2060 classe
951 1997 1168 2074 passerius
1187 1993 1246 2077 Ep.
1268 1993 1378 2058 Mithr.

192 2112 240 2172 13.
284 2110 406 2172 exuant
427 2109 522 2172 armu
545 2111 692 2188 equisque
711 2106 750 2171 fr.
772 2107 839 2172 Ino.
862 2110 912 2171 22.

275 2225 412 2285 sudore:
453 2216 646 2303 Iugurtham
683 2222 742 2284 aut
762 2222 935 2298 praesidiis
964 2217 1138 2284 nudatum:
1168 2222 1226 2283 aut
1253 2216 1378 2301 proelio

189 2334 391 2396 certaturum
412 2329 481 2413 lug.
503 2335 580 2416 88‚4.

269 2446 420 2523 privare:
449 2440 537 2526 quod
560 2450 672 2523 fructu
692 2440 816 2507 laboris
838 2439 1084 2528 industriaeque
1107 2463 1201 2508 meae
1231 2442 1378 2526 privatus

189 2554 258 2620 Cat.
280 2559 355 2639 353.

274 2671 425 2747 spoliare:
458 2666 515 2733 ubi
541 2671 637 2732 armis
658 2671 795 2747 uirisque
826 2671 860 2732 et
881 2673 1020 2747 pecunia
1049 2666 1209 2752 spoliatus
1235 2671 1285 2732 est
1308 2667 1377 2750 lug.

189 2784 256 2866 62ss
279 2778 458 2845 Antiochus
480 2784 561 2844 omni
585 2778 631 2844 cis
652 2779 795 2844 Taurum
817 2800 895 2859 aare
926 2783 959 2845 et
987 2778 1099 2845 decem
1126 2784 1246 2845 milibus
1275 2779 1378 2844 talen-

189 2897 296 2958 torum
318 2891 477 2975 spoliatus
499 2895 549 2957 est
575 2891 633 2975 Ep.
657 2890 767 2956 Mithr.
791 2896 821 2956 6.

273 3004 306 3069 Is
329 3007 449 3084 autem,
471 3003 527 3087 qui
550 3002 662 3087 aliqua
683 3025 720 3070 re
741 3003 901 3070 liberatus
924 3004 974 3070 vel
999 3003 1158 3089 spoliatus
1181 3010 1239 3084 est,
1262 3026 1302 3070 ea
1322 3026 1378 3069 va-

189 3121 244 3181 cat
266 3121 300 3182 et
321 3120 404 3199 eget
448 3117 564 3201 Itaque
586 3115 686 3182 verba
698 3116 831 3182 carendi
856 3116 1019 3200 etegendi
1041 3117 1281 3202 conjunguntur
1305 3138 1378 3181 cum

187 3228 339 3294 ablativo.
374 3283 377 3288 .

273 3362 403 3407 curera-
437 3339 537 3407 haud‘
556 3341 653 3407 facile
673 3345 861 3407 lubidinibus
891 3340 1026 3407 carebat
1051 3341 1121 3407 Cat.
1154 3346 1245 3428 ¹3us·
1301 3348 1378 3406 lusu

189 3459 288 3539 atque
310 3458 436 3520 licentio
458 3452 635 3519 carendum
656 3453 746 3519 ridet
764 3455 818 3519 Or.
843 3453 924 3518 Phil.
951 3459 999 3519 11.

274 3586 386 3646 suere.-
408 3565 547 3631 alterum
566 3564 703 3631 ulterius
725 3570 844 3631 auxilio
866 3565 935 3631 Cat.
961 3571 1003 3650 ln
1026 3587 1132 3649 neque
1149 3575 1283 3648 fortuna
1304 3571 1379 3650 eget

186 3678 255 3761 Iug.
281 3686 323 3764 l‚3
347 3681 457 3757 quibus
478 3697 543 3742 uon
566 3697 695 3760 egerem
713 3678 780 3760 lug.
806 3682 881 3763 14‚3.
924 3676 1046 3761 Notum
1067 3684 1118 3742 est
1139 3677 1242 3744 verba
1261 3678 1378 3761 egendi

187 3794 221 3855 et
251 3789 382 3855 carendi
409 3792 574 3870 qeuitivum
606 3808 736 3873 quoque
772 3809 948 3854 assumere.
1001 3789 1121 3855 Exstat
1154 3788 1243 3874 apud
1272 3791 1377 3856 Sallu·

188 3902 287 3967 stium
307 3900 418 3966 multis
447 3900 546 3966 locis:
578 3902 706 3984 eguisse
735 3905 835 3966 auxili
862 3901 931 3984 lug.
964 3906 1044 3988 1423
1077 3907 1377 3988 31‚2957,1uequs

187 4018 296 4079 consili
320 4033 426 4097 nequo
447 4017 600 4078 audacior
621 4033 765 4097 unquam
788 4033 907 4098 eguere
926 4012 995 4079 cus.
1018 4019 1099 4099 51,ὃῖ
1120 4019 1235 4079 nullius
1257 4018 1378 4092 indioui

186 4127 255 4208 lug.
272 4130 368 4211 ¹¹0u·
411 4123 508 4209 Apud
519 4124 707 4191 Ciceronem
727 4124 779 4191 bis
801 4130 930 4191 tantum
941 4125 1079 4191 inveniri
1089 4130 1254 4206 qeniticum
1275 4129 1376 4190 testa·

186 4243 241 4303 tur
261 4237 408 4320 Dracger
435 4258 466 4320 p.
491 4242 562 4303 559.
592 4236 689 4303 affert
717 4237 759 4301 ad
781 4238 847 4302 Att.
871 4243 942 4323 im.
971 4258 1050 4320 egeo
1073 4237 1207 4302 consilii.
1237 4236 1303 4301 fam
1330 4243 1374 4323 9‚3

187 4353 225 4415 ut
252 4347 433 4414 medicinas
462 4368 623 4433 egeamus.
668 4348 696 4413 E
718 4348 859 4414 Caesare
881 4346 1040 4414 adscribit
1058 4348 1134 4414 bell.
1157 4348 1230 4432 gall.
1254 4354 1312 4433 tm
1334 4369 1375 4413 ue

187 4460 349 4544 quis...
374 4459 631 4544 auxiliiegeret

1555 3956 1563 4031 t
