3134 5042
679 383 896 444 ..35-

188 565 251 629 hoo
282 587 392 649 genere
418 562 616 630 uenationis
647 566 708 651 (se)
742 571 903 631 exercent.
946 565 1043 631 Nullo
1069 567 1141 632 loco
1166 588 1272 651 neque
1293 567 1381 652 apud

191 676 378 743 Sallustium
412 695 524 760 noque
560 677 648 761 apud
679 679 851 744 Caesarem
894 677 1015 761 legitur
1045 680 1245 763 praepositio
1278 685 1311 743 ic
1340 679 1380 745 of.

191 789 325 855 Fischer
346 812 377 874 p.
401 795 450 856 29.

278 902 449 968 Ablativus
489 907 616 969 acuitas
650 905 841 989 conjunctus
883 924 957 969 cum
988 903 1096 969 verbis
1132 908 1270 968 movendi
1301 903 1382 968 nihil

192 1015 338 1099 praehet,
362 1014 451 1098 quod
474 1021 656 1082 memoratu
677 1016 810 1099 dignum
832 1017 883 1080 sit.
926 1015 1224 1101 Exstat'lug.18,4.
1244 1015 1381 1081 navibus

191 1128 225 1190 in
247 1126 391 1192 Africam
413 1128 553 1212 trajecti.
572 1129 641 1212 lug.
667 1134 747 1212 78η.
778 1126 916 1193 navibus
936 1128 970 1192 in
996 1148 1051 1192 eos
1072 1127 1161 1193 locos
1183 1127 1318 1193 venisse.
1341 1126 1380 1192 fr.

191 1240 256 1304 luc.
282 1245 331 1306 35.
377 1261 451 1305 oum
476 1241 638 1306 Sertorius
660 1260 766 1324 neque
789 1245 975 1323 erumperet
1001 1245 1070 1305 tam
1090 1240 1154 1304 levi
1177 1239 1272 1323 copia
1291 1240 1381 1304 navi·

191 1352 261 1417 bus.
307 1352 423 1418 cohors
444 1360 561 1433 pecudi
578 1360 708 1433 phaselo
730 1357 824 1417 vecta
845 1353 884 1417 fr.
906 1353 962 1417 III.
980 1359 1029 1418 56.
1074 1351 1244 1417 Ablativus
1261 1352 1381 1416 instru-

191 1466 291 1530 menti
321 1486 397 1544 eqao
426 1467 552 1549 positus
583 1470 633 1530 est
661 1464 728 1530 Cat.
754 1471 831 1550 59‚5‚
860 1465 930 1548 ipse
953 1486 1030 1544 equo
1053 1464 1245 1530 circumiens
1266 1484 1381 1529 unum·

192 1598 353 1662 quemque
374 1579 544 1643 nominans
567 1576 723 1661 appellat:

277 1695 430 1755 saccutum
452 1711 528 1768 ecre,
552 1689 640 1772 quod
654 1689 775 1755 Caesar
797 1689 964 1773 conjungit
985 1709 1058 1753 cum
1076 1689 1316 1772 praepositione
1339 1694 1382 1752 ad

192 1800 231 1865 cf.
253 1800 327 1866 bell.
351 1802 425 1884 gall.
446 1808 555 1888 3‚26‚2.
579 1801 621 1867 ad
641 1822 794 1885 pugnam,
815 1800 867 1866 vel
888 1807 921 1865 ta
944 1799 983 1865 cf.
1006 1800 1079 1865 hell.
1103 1800 1177 1885 gall.
1205 1806 1234 1880 3,
1246 1842 1321 1885 m.
1346 1799 1381 1862 iu

192 1935 231 1978 ea
251 1935 288 1978 re
310 1914 452 1979 omnium
480 1919 666 1979 nostrorum
695 1914 829 1978 intentis
849 1913 981 1992 animis,
1013 1912 1186 1978 Sallustius
1211 1911 1378 1996 conjungit

191 2047 265 2090 cum
287 2025 443 2091 ablativo:
476 2032 578 2105 aliquo
607 2031 728 2106 nepotis
750 2027 894 2090 intentus
918 2025 986 2090 Cat.
1010 2030 1039 2105 2,
1050 2067 1075 2110 9.
1106 2030 1237 2105 repotiis
1261 2024 1380 2089 amico·

190 2159 263 2203 rum
292 2139 436 2203 intentus
466 2137 534 2203 Cat.
564 2145 647 2223 54,4.
685 2143 913 2218 exspectatione
942 2141 1076 2202 eventus
1109 2136 1226 2200 civium
1256 2135 1380 2200 animos

190 2250 332 2315 intentos
362 2251 502 2334 putabat
530 2251 599 2334 lug.
626 2257 709 2336 44‚3.
735 2255 857 2330 proelio
883 2250 1025 2314 intentos
1050 2248 1118 2332 lug.
1148 2253 1197 2328 76,
1207 2290 1231 2334 2.
1263 2254 1379 2333 Mser·

192 2369 262 2428 aliis
283 2369 414 2445 nepotis
434 2364 503 2446 lug.
527 2370 577 2444 89,
585 2404 609 2448 3.
635 2363 752 2428 intenti
768 2366 996 2443 proeliantibus
1017 2362 1085 2445 lug.
1109 2365 1160 2442 93,
1169 2402 1193 2446 4·
1303 2350 1306 2357 ’

277 2481 358 2540 Nati:
381 2476 449 2540 sich
471 2481 674 2559 anstrengen,
695 2476 818 2541 nullam
840 2473 977 2558 praebet
999 2473 1233 2538 difficultatem.
1257 2472 1296 2537 of.
1311 2473 1380 2556 lug.

192 2594 252 2673 4η.
281 2610 341 2671 per
366 2588 539 2654 latrocinia
567 2588 676 2672 potius
706 2609 805 2671 quam
835 2591 921 2651 honis
952 2590 1072 2651 ortibus
1169 2588 1316 2650 nituntur
1340 2584 1380 2649 cf.

194 2705 276 2786 15,2.
304 2706 420 2781 pratia,
449 2721 530 2765 voce.
554 2706 637 2786 60,4.
660 2704 850 2780 corporibus.
897 2697 1053 2764 Adverhii
1072 2697 1146 2763 loco
1167 2698 1303 2763 ablativi
1323 2718 1380 2781 po-

192 2813 246 2877 siti
268 2817 359 2877 sunt:
380 2835 495 2878 summo
518 2834 574 2893 ope
596 2813 656 2877 niti
675 2813 744 2878 Cat.
761 2818 821 2896 l,1.
845 2817 928 2896 38,1.
951 2811 1020 2894 lug.
1043 2816 1102 2896 9‚2.
1127 2815 1225 2895 3l,17.
1247 2815 1381 2874 maximo

192 2945 250 3003 cpe
270 2925 338 3008 lug.
364 2931 412 3006 14,
422 2967 462 3012 20.
491 2947 606 2991 summa
636 2931 665 2990 ot
683 2924 751 3008 lug.
776 2929 859 3010 25‚9.
905 2923 1183 3007 Praepositionem
1211 2927 1255 2986 uel
1274 2922 1381 2986 inveni

191 3037 259 3120 lug.
282 3044 344 3123 4,7.
375 3037 418 3102 ad
439 3039 576 3122 imperia
599 3044 632 3103 et
653 3037 793 3102 honores
815 3037 973 3101 nituntur.
1017 3036 1085 3118 Ing.
1109 3040 1159 3114 55,
1166 3076 1191 3119 3.
1217 3033 1261 3098 ad
1281 3034 1381 3097 victo·

191 3150 274 3214 riam
297 3150 337 3214 cf.
362 3150 550 3216 Caes.·bell.
573 3150 646 3232 gall.
660 3155 687 3214 7.
700 3189 774 3234 ΒΜ.
798 3148 840 3212 ad
859 3147 1080 3213 solhcitandas
1097 3147 1253 3211 civitates.
1282 3145 1381 3209 Prae-

191 3262 310 3344 positio
339 3268 372 3326 c'u
405 3262 577 3347 conjuncta
608 3282 681 3325 cum
711 3259 854 3325 ablativo
883 3259 934 3323 vel
959 3259 1144 3323 accusativo
1166 3277 1272 3340 neque
1294 3256 1382 3340 apud

193 3373 383 3439 Sallustium
405 3395 510 3458 neque
534 3373 622 3457 apud
644 3372 817 3438 Caesarem
840 3375 947 3435 exstat
969 3369 1008 3435 cf.
1028 3368 1163 3434 Fischer
1183 3391 1215 3452 p.
1238 3374 1288 3434 29.
1325 3373 1382 3433 niti

195 3486 285 3566 „sich
300 3491 443 3552 stiitzen“
464 3487 584 3569 legitur
599 3486 667 3569 lug.
684 3491 766 3571 93,4.
792 3484 884 3569 cujus
897 3489 992 3549 remis
1006 3482 1111 3563 modo,
1134 3482 1230 3548 modo
1250 3486 1381 3545 eminea-

193 3603 272 3664 tibus
293 3604 380 3664 coecis
400 3599 499 3665 nisus.
631 3576 633 3585 Ι
992 3587 995 3590 ’

274 3711 465 3777 'Ablativum
496 3713 703 3798 conjunctum
735 3731 808 3776 cum
837 3710 945 3776 verbis
975 3712 1140 3774 erudiendi
1160 3706 1284 3773 habeo:
1312 3705 1381 3770 Cat.

193 3830 277 3909 25,2.
310 3830 421 3889 litteris
455 3829 583 3891 Graecis
617 3830 650 3890 et
679 3828 800 3889 Latinis
830 3830 928 3889 docto.
964 3821 1004 3886 cf.
1027 3822 1092 3887 Cic.
1115 3820 1199 3886 Brut
1220 3824 1320 3905 4277.
1343 3818 1382 3882 D.

192 3937 313 4001 Brutus
335 3936 398 4001 fuit
426 3937 523 4002 homo
553 3943 586 4003 ot
615 3941 742 4001 Graecis
779 3943 886 4001 doctas
908 3939 1019 3999 titteris
1043 3938 1076 3998 et
1097 3936 1226 3997 Latinis.
1271 3935 1381 3997 litteris

188 4049 284 4132 juxta
307 4053 406 4132 atque
426 4048 611 4114 doctissime
634 4053 782 4112 eraditus.
805 4047 873 4131 lug.
897 4052 977 4131 95,3.

277 4161 395 4226 Miram
425 4160 560 4226 ablativi
586 4159 793 4225 instrumenti
822 4163 1021 4224 structuram
1047 4156 1184 4240 legimus
1207 4155 1275 4222 Cat.
1299 4160 1382 4241 35‚3.

191 4294 256 4338 uon
279 4273 357 4357 quin
380 4295 435 4338 aes
458 4273 599 4338 alienum
620 4277 693 4337 mas
715 4275 885 4336 nominibus
909 4290 949 4334 ex
974 4268 1233 4352 possessionibus
1256 4267 1382 4334 solvere

191 4406 336 4470 possem,
372 4407 472 4469 quum
503 4392 536 4451 ct
564 4389 674 4451 alienis
702 4388 872 4448 nominibus
899 4381 1081 4446 liberalitas
1109 4379 1280 4446 Orestillae
1315 4379 1382 4445 suis

191 4497 364 4581 filiaequae
386 4498 487 4581 copiis
500 4499 707 4582 persolveret.
753 4517 808 4560 aes
828 4495 969 4559 alienum
985 4499 1058 4557 azeis
1073 4497 1243 4557 nominibus
1259 4491 1383 4555 dictum

1131 4601 1147 4649 3
1156 4597 1170 4628 *
