3134 5042
685 347 903 408 ..50-

288 530 457 596 Ablalivos
486 552 656 597 mensurae
680 531 855 596 Sallustius
889 553 1016 617 semper
1045 532 1133 597 locat
1162 536 1238 596 anto
1260 552 1386 615 compa-

201 644 342 709 rativum
371 665 411 709 ex
433 664 498 727 quo
518 643 671 728 pendent,
699 643 799 711 locos.
830 644 886 728 qui
906 643 1060 727 leguntur
1089 643 1176 728 apud
1198 644 1386 710 Caesarem:

198 762 350 821 melariae
372 763 472 836 paeto
501 755 576 821 bell.
606 755 681 839 gall
715 762 823 842 Lm.
855 760 948 822 latiur
977 761 1172 838 inflantisque
1192 755 1294 821 multo
1315 755 1386 821 bell.

200 867 276 933 civil
300 876 328 934 3.
338 909 377 954 79.
400 889 464 932 non
487 868 602 933 inveni.
645 867 813 933 Interdum
841 867 975 934 verbum
1005 868 1139 952 aliquod
1163 868 1387 953 interpositum

199 1002 270 1046 esso
299 981 385 1045 inter
411 980 590 1046 ablativum
620 985 653 1045 et
682 980 938 1065 comparativum
962 982 1032 1065 jam
1062 1001 1163 1066 supra
1190 980 1329 1047 vidimus
1350 982 1386 1046 ef.

200 1094 252 1158 Or.
274 1093 354 1159 Phil.
381 1098 427 1158 17.
460 1092 529 1158 Cat.
561 1098 621 1179 lm.
665 1091 783 1158 Tribus
813 1097 941 1158 tantum
972 1092 1052 1159 locis
1078 1093 1200 1178 pendet
1228 1093 1387 1160 ablativus

199 1226 240 1270 ex
260 1211 463 1285 superlativo,
494 1226 559 1270 non
589 1226 630 1270 ex
658 1205 880 1289 comparativo
910 1206 978 1271 Cat.
1002 1210 1085 1291 36sp
1115 1204 1219 1270 multo
1250 1208 1388 1272 maxime

198 1317 383 1382 miserabile
413 1317 525 1382 visum.
556 1321 654 1403 5220.
685 1316 789 1382 multo
819 1316 1071 1400 pulcherrimam
1102 1339 1174 1383 eam
1195 1317 1389 1384 haberemus

197 1429 266 1512 lug.
288 1435 390 1515 85‚33.
418 1428 477 1494 illa
497 1428 600 1495 multo
627 1428 751 1514 optima
771 1428 821 1494 rei
841 1428 993 1514 publicae
1015 1429 1131 1496 doctus
1156 1453 1244 1513 sum3
1276 1452 1316 1496 ex
1332 1453 1388 1512 pe

198 1545 288 1607 silico
310 1539 399 1606 nullo
418 1540 490 1607 looo
512 1541 641 1626 pendet

283 1652 428 1719 Verbum
449 1659 566 1732 obesse,
590 1653 677 1737 quod
700 1653 916 1720 Caesareum
938 1653 1082 1721 ablativo
1105 1656 1203 1739 spatii
1225 1656 1392 1740 conjungit

199 1765 288 1849 apud
318 1764 507 1830 Sallustium
537 1766 622 1850 regit
649 1771 876 1832 cacuminum:
906 1787 926 1832 a
955 1788 1020 1851 quo
1050 1766 1168 1833 aberat
1188 1789 1281 1834 mons
1302 1769 1392 1834 milia

198 1877 312 1960 viginti
338 1879 407 1961 lug.
430 1883 514 1964 48‚3.
546 1878 585 1944 ef.
608 1884 692 1965 68,3.
737 1877 832 1944 Solus
862 1877 1025 1944 ablativus
1058 1880 1207 1964 ponitur,
1242 1880 1300 1946 nbi
1329 1886 1389 1946 dis-

199 1995 297 2055 tantia
321 1989 459 2056 duorum
480 1989 626 2057 locorum
653 1990 872 2075 significatur:
902 1990 1025 2057 Marius
1056 1993 1205 2077 pervenit
1229 1993 1391 2059 inlocum

200 2102 242 2167 ab
263 2103 370 2186 Capsa
397 2125 462 2168 non
494 2103 632 2188 amplius
655 2103 755 2169 duum
782 2102 919 2169 millium
941 2109 1103 2189 interuallo
1124 2105 1192 2188 Ing.
1216 2109 1301 2192 9l‚3.
1338 2107 1390 2171 Iu-

200 2215 354 2298 gurtham
377 2214 508 2281 circiter
531 2215 630 2282 duum
659 2215 796 2281 millium
821 2220 982 2281 intervallo
1010 2221 1087 2282 ante
1117 2217 1301 2284 consedisse
1322 2218 1390 2301 Ing.

203 2333 307 2413 106‚5.
339 2333 372 2394 et
403 2328 542 2394 fortasse
572 2329 640 2412 lug.
665 2334 746 2415 75,2.
773 2334 874 2408 spatie
896 2327 1033 2394 millium
1056 2330 1302 2413 quinquaginta.
1324 2329 1390 2394 MS.

201 2439 355 2506 exhibent
383 2446 415 2505 ia
446 2441 729 2525 praepositionem.
777 2440 962 2506 Valentiam
986 2462 1089 2521 parvo
1115 2447 1390 2529 interualloprae·

199 2552 325 2618 terfluit
346 2552 385 2617 fr.
408 2554 447 2617 ΙΙ.
473 2558 521 2619 18.
545 2553 585 2618 of.
606 2558 670 2619 Liv.
698 2559 812 2640 15,9.3.
835 2559 945 2633 spatio.
970 2559 1109 2639 25‚4o‚9.
1133 2558 1303 2619 intervallo.

286 2664 357 2729 Hoc
381 2665 453 2730 loco
483 2665 715 2730 nominandum
742 2671 793 2730 est
821 2665 955 2731 verbum
986 2671 1087 2731 metiri
1114 2688 1154 2731 ex
1176 2687 1241 2750 quo
1270 2667 1392 2750 pendet

200 2775 362 2842 ablativus
385 2777 571 2860 significans
601 2776 732 2842 modurn
758 2777 929 2862 judicandi
952 2778 1020 2845 Cat.
1041 2783 1123 2863 3l,2.
1145 2800 1250 2862 neque
1269 2779 1391 2844 bellum

200 2910 322 2972 gerere,
344 2910 449 2972 neque
472 2910 587 2973 pacem
606 2889 737 2969 habere,
765 2912 822 2955 sue
845 2891 981 2974 quisque
1011 2901 1092 2955 meta
1112 2891 1259 2974 pericula
1283 2891 1391 2956 metiri

200 3001 239 3066 of.
267 3005 326 3067 Cle.
350 3002 478 3068 Tuscul.
509 3004 533 3069 1.
557 3009 655 3089 37,90.
686 3007 723 3067 ut
750 3023 822 3068 eam
850 3024 914 3068 non
943 3024 1039 3068 sensu
1063 2990 1180 3068 ¹nostro
1204 3002 1262 3068 sed
1284 3002 1390 3068 salute

198 3115 301 3198 ipsius
323 3116 504 3181 metiamur.
526 3115 607 3181 Phil.
634 3121 731 3202 1212.

286 3233 416 3294 Attalici
438 3233 568 3294 absoluti
590 3250 701 3294 omnes
723 3227 900 3293 reducendi
925 3227 1065 3293 suntad
1088 3227 1249 3293 ablativos
1271 3229 1390 3294 instru-

199 3340 373 3420 mentales,
406 3341 568 3420 causales,
596 3340 741 3407 modales
770 3341 837 3405 sive
863 3340 912 3405 roi
943 3321 1130 3406 accidentis.
1182 3340 1276 3420 Quod
1305 3343 1391 3406 actio

200 3453 367 3537 quaelibet
397 3460 485 3519 certo
515 3459 661 3538 tempore
692 3453 828 3532 accidit,
865 3452 1015 3519 omnibus
1046 3453 1199 3519 ablativis
1233 3453 1391 3519 absolutis

199 3567 355 3651 temporis
384 3567 474 3632 notio
506 3567 607 3646 inest,
636 3588 711 3631 nam
742 3571 871 3649 tempus
901 3567 1046 3631 nascitur
1069 3571 1102 3631 et
1122 3566 1270 3644 sentitur,
1303 3565 1391 3649 quod

199 3700 252 3744 res
272 3684 429 3762 geruntur
451 3683 485 3744 et
503 3701 613 3744 rerum
634 3684 800 3763 gestarum
822 3678 938 3763 spatiis
958 3684 1108 3762 tempora
1128 3680 1289 3744 metimur.
1325 3676 1390 3743 Ab·

199 3791 291 3856 lativi
316 3791 457 3857 absoluti
484 3796 595 3857 nostro
618 3810 766 3856 sermone
789 3790 924 3874 integris
947 3791 1123 3856 enuntiatis
1139 3790 1296 3855 reddendi
1317 3795 1393 3855 sunt

201 3909 234 3970 et
254 3904 343 3969 varie
360 3904 442 3969 verti
463 3908 609 3987 possunt,
632 3902 719 3986 quod
741 3901 813 3968 fons
834 3924 946 3968 eorum
967 3903 1088 3988 triplex
1104 3907 1162 3968 cst.
1207 3904 1392 3981 Quaerere

201 4016 244 4082 sit
265 4017 364 4096 notio,
387 4038 427 4081 ex
448 4022 518 4081 toto
538 4015 705 4080 enuntiato
729 4014 945 4099 colligendum
959 4021 1016 4080 est
1062 4015 1105 4080 Et
1126 4035 1241 4081 causeo
1264 4019 1297 4079 et
1319 4025 1389 4079 tem-

194 4134 286 4209 poris
306 4129 471 4194 notionem
505 4128 611 4193 inesse
638 4128 672 4192 in
700 4127 751 4192 his
773 4126 925 4192 ablativis
947 4128 1060 4193 oredo:
1092 4127 1230 4211 denique
1256 4131 1392 4193 omnibus

199 4240 313 4306 labore
345 4246 378 4306 et
406 4246 499 4306 aestu
527 4244 684 4321 tappetae
705 4239 857 4305 Metellus
887 4239 945 4305 ubi
978 4239 1067 4305 videt
1095 4239 1252 4304 Numidas
1283 4240 1390 4303 minus

199 4354 322 4418 instare
351 4354 419 4436 lug.
448 4358 531 4438 51,3.
562 4350 675 4435 plebes
707 4356 864 4417 nobilitate
885 4360 963 4432 susa
991 4373 1050 4436 per
1080 4352 1186 4435 legem
1214 4351 1391 4416 Mamiliam

203 4486 303 4531 novos
334 4463 512 4529 extollebat
538 4464 608 4546 lug.
629 4468 711 4547 bem.
743 4467 918 4546 postquam
947 4469 1058 4528 omissa
1088 4468 1242 4529 deditione
1271 4463 1390 4529 bellum
