3134 5042
686 358 901 421 ..14-

198 544 393 632 Hujusmodi
415 535 550 612 ablativi
576 542 800 610 circumscribi
814 546 953 628 possunt
973 541 1137 627 particula
1159 545 1296 625 „quam“
1316 561 1398 606 oon·

195 659 311 745 juncta
341 678 415 725 cum
444 661 631 724 nominativo
659 655 712 723 vel
734 659 920 723 mearatwo.
959 652 1397 721 Nomiuativussubaudien·

199 771 261 838 dus
276 774 327 838 est
346 769 398 837 his
420 769 519 837 locis:
542 768 662 853 quibus
684 766 818 834 divitiae
839 770 917 832 bono
938 772 1134 853 honestoque*
1136 770 1278 848 potiores
1299 769 1398 831 erant

198 883 268 968 lug.
298 888 341 969 8,]
366 880 486 966 quibus
506 880 630 948 bonum
652 884 687 945 et
708 899 850 965 aequum
872 884 987 946 diaco
1008 879 1116 945 carius
1139 883 1212 945 erat
1232 876 1301 961 lug.
1326 882 1392 962 ¹52³

198 1014 305 1080 neque
324 1000 426 1076 mmor
448 993 624 1079 quicquam
640 1012 747 1077 neque
768 996 877 1059 ocrim
898 996 1083 1058 auctoritato
1104 990 1210 1057 senati
1231 990 1300 1074 lug.
1324 994 1390 1075 222

199 1106 306 1193 turpis
332 1106 403 1174 vita
430 1110 558 1187 introeo
582 1113 673 1187 famo
688 1108 796 1186 potior
820 1102 884 1170 fuit
904 1103 973 1188 lug.
996 1108 1063 1191 5⁷2³
1086 1122 1171 1187 quae
1190 1107 1295 1184 potior
1315 1105 1392 1167 bello

201 1218 446 1304 essetlug.83‚1
473 1216 593 1302 quibus
613 1215 673 1283 illa
696 1220 797 1297 opalis
813 1214 1012 1301 jucundiora
1034 1215 1103 1300 lug.
1127 1219 1208 1301 85‚41
1232 1213 1295 1282 tibi
1315 1233 1392 1280 vcro

199 1331 291 1398 nulla
311 1333 514 1411 opportunior
534 1338 642 1395 nostro
664 1333 800 1395 amicitia
820 1327 890 1412 lug.
914 1332 1000 1414 loon
1018 1331 1124 1408 potior
1144 1326 1215 1393 visa
1235 1331 1287 1392 est
1306 1327 1393 1411 peri·

201 1444 314 1509 culosa
342 1441 479 1511 libertas
507 1446 606 1522 quieto
640 1444 767 1506 oonsilio
801 1438 855 1505 Or.
877 1440 955 1525 Lep.
987 1445 1038 1506 26.
1082 1440 1140 1524 qui
1159 1438 1307 1525 profecto
1328 1459 1395 1505 non

202 1559 333 1635 amplias
352 1558 492 1639 possunt
513 1557 665 1619 alimentis
689 1551 832 1618 carceris
854 1551 908 1619 Or.
931 1551 1032 1618 Macr.
1056 1557 1106 1618 19.

288 1665 519 1732 Accusativue:
545 1683 620 1731 oum
640 1663 734 1730 initio
745 1684 812 1730 non
829 1669 960 1744 amotas
985 1667 1103 1730 duobos
1119 1667 1239 1730 milibus
1260 1662 1394 1729 habuis-

202 1782 254 1844 set
264 1777 334 1844 Cat
350 1782 416 1864 lot„
428 1780 706 1857 morteoroor'orem
713 1776 815 1842 uitam
825 1775 960 1860 exigrmt
973 1776 1042 1859 lug.
1059 1781 1139 1861 14‚15
1157 1780 1258 1840 omnio
1268 1779 1395 1855 potiora

198 1895 263 1967 fide
269 1888 448 1974 Iugurthae
455 1886 592 1955 rebatur
601 1887 670 1972 Iup.
683 1891 748 1974 top
756 1887 865 1954 omnia
874 1887 1087 1972 bellopotiora
1095 1886 1230 1953 duceret
1235 1887 1303 1970 lug.
1318 1891 1393 1971 629.

291 2000 462 2067 Ablativue
490 1999 692 2086 pronominis
723 1999 853 2065 relativi
874 2004 927 2079 oui
948 1999 1091 2084 ponitur,
1119 1999 1176 2065 ubi
1198 1997 1394 2082 comparati·

202 2134 262 2180 vus
281 2117 441 2197 negatur:
472 2132 535 2192 ouo
563 2110 703 2196 (scilicet
724 2110 883 2196 amicitia)
908 2111 996 2195 apud
1019 2111 1163 2177 animum
1184 2131 1293 2176 meum
1313 2108 1395 2174 nihil

203 2229 310 2290 ocrim
337 2222 445 2290 habeo
471 2222 539 2306 lug.
566 2226 652 2308 ll⁰a
685 2243 744 2303 qao
765 2227 999 2308 nequemaior
1026 2243 1132 2307 neque
1154 2228 1285 2303 amplios
1305 2220 1394 2287 aliud

202 2336 237 2402 in
255 2340 376 2403 natura
394 2333 581 2401 mortalium
601 2334 671 2419 Iug.
696 2338 751 2420 2,4.

289 2447 355 2514 Ubi
384 2445 600 2532 significatur,
636 2445 780 2530 aliquam
809 2466 879 2513 rem
917 2447 1194 2532 exspectationem
1230 2466 1394 2531 superare,

204 2558 402 2626 adhibentur
423 2558 574 2626 ablativi:

290 2674 451 2751 opinione:
482 2669 571 2755 quod
596 2668 748 2736 Metellus
778 2675 909 2751 amplior
941 2674 1084 2751 opinione
1105 2668 1298 2737 morabatur
1326 2669 1394 2751 lug.

207 2786 272 2870 535
295 2786 447 2862 opinione,
470 2782 622 2862 Quirites,
646 2785 790 2861 oupertus
810 2787 861 2848 est
881 2782 949 2866 lug.
972 2788 1049 2869 85‚3.

289 2914 364 2973 spe:
392 2897 592 2960 commeatus
620 2913 676 2974 spo
704 2893 844 2979 amplior
862 2894 931 2978 lug.
964 2900 1029 2979 top
1058 2894 1161 2961 multo
1186 2898 1319 2960 celerias
1340 2913 1395 2971 spe

206 3005 408 3072 Mithridatis
430 3005 468 3071 fr.
490 3005 547 3071 111.
572 3011 621 3072 12.

291 3137 409 3199 aequo.-
430 3117 526 3184 multi
547 3137 604 3184 eas
623 3122 751 3199 orarios
770 3139 869 3199 aequo
889 3117 1035 3184 habuere
1056 3119 1126 3184 Cat.
1149 3123 1241 3204 blm.

290 3236 396 3317 modo.-
427 3234 594 3311 impensior
615 3236 703 3296 modo
732 3230 858 3314 legatos
888 3230 1051 3316 supplices
1078 3230 1208 3295 mittere
1236 3230 1305 3312 lug.
1328 3233 1394 3314 423

205 3344 372 3420 impensior
392 3348 480 3408 modo
502 3341 601 3408 rebus
623 3343 690 3408 suis
713 3340 864 3408 diffidens
884 3342 953 3425 lug.
977 3348 1053 3428 75,1.

292 3451 460 3518 Particula
480 3473 580 3536 quam
602 3454 723 3520 omissa
745 3459 795 3520 est
814 3459 891 3538 post
914 3459 1045 3534 amplior
1066 3452 1216 3520 omnibus
1229 3453 1319 3532 locis,
1339 3451 1396 3517 ubi

207 3564 360 3649 exprimit
376 3563 485 3629 locum
505 3563 705 3650 veltempus.
749 3565 890 3649 amplius
903 3587 965 3631 ooo
983 3571 1033 3632 die
1055 3570 1113 3631 aut
1132 3587 1197 3631 ooo
1217 3574 1306 3630 aoote
1327 3584 1395 3628 mo·

206 3681 299 3742 ratus
311 3677 379 3759 lug.
403 3681 466 3762 76ss
491 3696 556 3742 uon
578 3676 717 3762 amplius
733 3682 827 3762 patet
847 3682 967 3744 milibus
990 3678 1133 3762 quinque
1146 3681 1180 3744 et
1200 3676 1336 3760 triginta
1357 3674 1395 3740 ir.

206 3787 261 3853 IV.
283 3794 332 3854 19.
378 3788 533 3872 Sequitur
563 3793 776 3855 accusativos:
800 3809 865 3854 non
887 3789 1026 3875 amplius
1049 3810 1147 3855 aanor
1169 3788 1306 3871 triginta
1327 3787 1395 3852 Cat.

208 3904 275 3984 baffi
296 3919 363 3965 uon
384 3899 523 3986 amplius
546 3899 634 3966 mille
655 3921 811 3986 passuum
824 3900 1020 3984 abesselug.
1044 3906 1120 3987 68,3.
1163 3899 1395 3985 Interpositum

208 4015 259 4076 est
279 4011 419 4096 amplius
439 4012 508 4096 Iug.
533 4016 619 4099 105,3
646 4033 720 4079 cum
741 4013 829 4079 mille
850 4034 916 4080 non
938 4013 1077 4098 amplius
1100 4012 1273 4098 equitibus.

399 4208 589 4277 ablativus
611 4209 674 4292 qui
696 4194 838 4293 positus
861 4211 918 4277 cst
939 4228 1005 4294 pro
1028 4209 1210 4278 Locativo.

293 4346 468 4414 Locativus
488 4348 618 4432 priscae
639 4348 813 4414 latinitatis
842 4349 962 4415 desinit
993 4350 1029 4414 in
1053 4350 1073 4415 i.
1097 4348 1267 4432 Significat
1281 4349 1396 4428 locum,

210 4461 244 4525 iu
278 4480 344 4542 quo
381 4459 505 4542 aliquid
543 4460 587 4524 sit
620 4464 655 4524 et
680 4464 837 4525 versetur.
888 4460 1034 4525 Locativi
1069 4462 1234 4525 nominum
1268 4460 1396 4526 urbium
