3134 5042
645 371 860 431 ..35-

710 555 801 627 Pro.

246 665 489 750 Praepositione
514 687 577 745 pro
607 665 809 749 significatur
839 668 981 732 exterior
1010 689 1087 750 pars
1114 668 1178 732 loci
1201 668 1347 752 alicujus,

158 779 335 864 opponitur
356 782 458 843 iutro:
480 777 568 861 quod
590 778 624 842 ni
647 777 787 844 Catilina
810 784 1008 844 maturasset
1022 801 1087 859 pro
1109 785 1199 845 curio
1222 781 1348 863 signum

159 890 257 957 sociis
279 889 358 955 dare
381 889 541 975 Gat.18‚3.
569 911 631 969 pro
653 896 775 968 castris,
798 891 893 956 sicuti
914 892 1148 975 imperabatur,
1170 893 1350 957 consistunt

159 1003 229 1087 lug.
253 1008 328 1088 53,1.
352 1022 416 1082 pro
440 1007 552 1067 castris
575 1002 701 1085 agitare
718 1001 814 1088 jubet
835 1003 997 1089 Iug.59,1.
1025 1003 1144 1069 milites
1165 1025 1270 1086 neque
1287 1025 1348 1084 pro

160 1135 255 1195 opere
286 1113 463 1179 consistere
492 1114 560 1197 Iug.
585 1119 668 1199 92‚3.
713 1134 777 1194 pro
804 1136 896 1179 marc*
920 1114 989 1180 dies
1018 1120 1195 1199 noctesque
1223 1115 1348 1199 agitare

157 1226 227 1308 Ing.
252 1231 302 1305 94,
311 1266 335 1311 4.
380 1225 453 1290 Uno
481 1224 553 1289 looo
586 1226 792 1310 conjunctum
823 1232 873 1291 est
893 1248 956 1306 pro
987 1249 1059 1293 oum
1090 1226 1190 1292 verbo
1214 1232 1348 1291 mittere:

152 1359 219 1418 pro
242 1342 355 1403 castris
377 1337 503 1421 equites
526 1358 566 1401 ex
590 1336 770 1402 auxiliariis
793 1338 924 1403 mittere
946 1340 1133 1423 Iug.100‚4.
1164 1338 1349 1421 Intelligen-

161 1449 240 1515 dum
261 1454 320 1530 est,
343 1448 469 1533 equites
488 1448 605 1514 missos
627 1454 703 1514 ante
726 1454 836 1514 castra
849 1451 1031 1516 constitisse
1052 1451 1163 1534 ibique
1184 1450 1287 1515 aciem
1301 1451 1349 1514 in-

160 1561 320 1627 struxisse
341 1560 381 1626 cf.
402 1561 494 1626 Caes.
517 1560 593 1627 bell.
616 1561 690 1645 gall.
712 1563 737 1627 Ι.
760 1567 811 1641 48,
823 1602 848 1647 3.
892 1583 932 1627 ex
954 1583 993 1627 eo
1015 1562 1067 1628 die
1089 1562 1159 1628 dies
1181 1562 1350 1627 continuos

161 1673 305 1757 quinque
329 1673 449 1739 Caesar
471 1693 531 1756 pro
555 1673 671 1739 eastris
700 1694 775 1739 suas
799 1674 910 1758 copias
933 1674 1089 1758 produxit
1117 1679 1151 1740 et
1176 1675 1278 1739 aciem
1300 1674 1349 1738 in·

159 1789 320 1851 structam
340 1784 465 1850 habuit.

248 1898 286 1962 In
308 1896 394 1961 notis
423 1896 487 1961 illis
518 1895 666 1961 formulis
688 1918 751 1976 pro
773 1902 895 1974 restria,
927 1919 988 1976 pro
1009 1902 1166 1975 tribunali,
1192 1920 1255 1978 pro
1277 1920 1349 1979 rap-

159 2019 251 2090 aestu
274 2008 436 2092 siguificat
456 2009 656 2092 praepositio
677 2009 795 2089 locum,
817 2031 892 2074 nam
914 2010 942 2074 is
965 2011 1020 2093 qui
1045 2031 1105 2094 pro
1128 2011 1243 2075 rostris
1263 2011 1349 2075 dice·

158 2121 229 2201 bat,
259 2121 415 2206 majorem
445 2125 575 2205 partem
609 2125 743 2204 atergo
772 2120 918 2187 habebat
948 2127 981 2187 et
1012 2123 1046 2187 in
1075 2122 1229 2187 interiore
1255 2127 1350 2206 parte
1479 2142 1481 2147 ’

160 2232 363 2298 versabatur.
407 2232 458 2296 Ex
479 2232 542 2297 hoc
562 2253 625 2297 usu
646 2232 806 2298 manavit:
828 2239 1056 2313 precepcione
1078 2238 1112 2298 et
1129 2255 1190 2313 pro
1215 2239 1349 2299 consilio.

133 2430 137 2433 .
160 2344 259 2410 Notio
280 2343 532 2430 praepositionis
547 2365 612 2424 pro
634 2343 762 2409 accedit
785 2343 828 2410 ad
849 2346 1012 2410 notionem
1033 2345 1284 2429 praepositionis
1306 2351 1348 2422 ia,

161 2456 250 2540 quod
273 2458 341 2542 jam
364 2461 490 2521 veteres
513 2455 717 2538 grammatici
737 2455 854 2522 Festus
875 2479 906 2541 p.
930 2462 1001 2523 229.
1035 2456 1207 2522 Diomedes
1229 2478 1260 2539 p.
1286 2462 1349 2522 408

161 2569 351 2634 docuerunt.
389 2569 453 2634 Pro
476 2569 629 2633 concione
651 2567 824 2633 dicebatur
837 2567 877 2633 de
897 2590 944 2648 eo,
967 2569 1077 2651 quiin
1101 2569 1253 2633 concione
1274 2590 1349 2652 pro-

163 2703 294 2765 gressus
316 2680 514 2761 orabataut
530 2680 672 2764 aliquem
693 2680 861 2746 laudabat.
905 2681 1001 2765 Apud
1020 2680 1209 2747 Sallustium
1231 2680 1350 2764 legitur

160 2794 230 2876 Iug.
253 2799 283 2873 8,
292 2835 317 2878 2.
362 2792 518 2859 donatum
541 2797 639 2877 atque
667 2792 837 2859 laudatum
859 2793 1029 2876 magnifice
1045 2815 1108 2873 pro
1131 2799 1276 2858 concione
1297 2794 1349 2857 lu·

163 2908 315 2992 gurtham
338 2908 372 2971 in
393 2906 595 2991 praetorium
618 2905 764 2975 abduxit.
787 2906 855 2988 lug.
880 2911 930 2986 29,
940 2947 964 2991 6.
993 2906 1042 2971 uti
1057 2927 1120 2984 pro
1143 2910 1269 2970 coemtio
1291 2906 1350 2968 im-

165 3025 318 3105 peratum
340 3023 420 3084 erat.
464 3018 567 3083 Mirus
591 3022 699 3082 exstat
718 3017 810 3083 locus
831 3018 900 3100 lug.
924 3022 1007 3102 67,1.
1050 3016 1092 3082 ad
1114 3016 1177 3081 hoc
1198 3016 1350 3082 mulieres

162 3132 322 3217 puerique
336 3152 399 3211 pro
422 3134 509 3196 tectis
531 3127 753 3195 aedificiorum
775 3149 857 3193 saxa
879 3128 1006 3207 atalia,
1038 3149 1121 3211 quae
1143 3128 1234 3193 locus
1256 3150 1350 3212 prae-

65 3262 75 3281 ’
162 3243 264 3310 bebat
288 3244 426 3308 mittere.
478 3246 653 3307 Proiectis
683 3244 734 3306 est
764 3260 863 3321 „vorn
894 3240 954 3306 auf
981 3240 1043 3305 den
1064 3239 1245 3319 Diichern“,
1274 3261 1350 3304 nam

170 3356 323 3422 mulieres
346 3356 380 3420 in
400 3355 508 3439 prima
536 3359 698 3419 tectorum
723 3357 818 3437 parte
844 3351 1002 3418 sedebant
1029 3352 1089 3432 ita,
1119 3357 1157 3417 ut
1175 3352 1350 3416 maximam
1427 3365 1429 3369 ’

165 3474 295 3552 partem
318 3489 429 3533 eorum
449 3470 525 3550 post
547 3486 582 3531 se
603 3465 763 3531 haberent
784 3469 817 3530 et
838 3464 914 3530 iude
935 3464 1003 3530 tela
1024 3463 1205 3530 mittebant.
1226 3464 1265 3528 cf.
1283 3463 1350 3528 Liv.

165 3586 284 3667 21‚7.3.
328 3596 388 3664 pro
412 3577 581 3644 moenibus
608 3582 707 3661 atque
738 3578 824 3643 turri
849 3577 917 3643 tela
945 3578 1074 3642 micare.
1118 3576 1220 3641 Tacit.
1244 3575 1350 3641 annal.

165 3699 296 3779 14,30·1·

252 3809 315 3869 Pro
338 3802 378 3869 de
400 3802 440 3868 iis
463 3801 591 3882 dicitur,
614 3822 698 3884 quae
719 3801 920 3887 praesidium
943 3799 1076 3883 aliquod
1096 3798 1270 3885 praebent:
1294 3820 1351 3864 au·

166 3916 262 3981 dacia
280 3936 344 3996 pro
367 3935 454 3978 muro
481 3913 622 3979 habetur
648 3913 716 3978 Cat.
740 3919 838 3998 58‚17.
879 3933 954 3978 nos:
983 3911 1169 3992 „Kiihnheit
1190 3911 1280 3976 dicut
1302 3911 1350 3976 als

165 4029 289 4106 Mauer,
314 4025 470 4091 schiitzt“.
491 4024 638 4109 plerique
662 4022 794 4089 caedem
815 4025 850 4089 in
872 4044 929 4090 vos
951 4023 1066 4089 fecisse
1084 4045 1147 4102 pro
1169 4029 1351 4088 munimento

164 4139 288 4206 habent
308 4139 377 4221 Ing.
400 4142 498 4224 3l,13.
543 4137 607 4202 Pro
628 4135 715 4200 idem
737 4140 788 4201 est
808 4156 847 4201 ao
866 4141 941 4213 viee,
971 4142 1045 4212 loco,
1075 4134 1193 4199 dicitur
1214 4156 1279 4199 non
1300 4155 1351 4199 so·

163 4252 232 4319 lum
252 4250 293 4317 de
315 4248 510 4329 homiuibus,
540 4248 716 4314 sedetiam
740 4247 780 4312 de
804 4246 902 4312 rebus
925 4252 958 4311 et
980 4246 1188 4330 argumentis.
1234 4246 1351 4313 Graeci

162 4367 290 4449 ponunt
310 4358 386 4429 ἀντὶ
411 4383 470 4426 nos
491 4361 647 4426 vertimus
677 4380 739 4441 „au
761 4358 861 4425 Stelle
884 4380 955 4439 von,
987 4362 1130 4423 austatt“
1163 4357 1271 4423 alveos
1293 4379 1351 4423 na-

165 4477 251 4541 vium
273 4475 419 4540 inversos
435 4494 499 4553 pro
521 4472 659 4557 tuguriis
679 4469 825 4538 habuere
853 4471 1046 4552 „benutzten
1068 4471 1115 4536 sie
1137 4470 1185 4535 als
1208 4469 1351 4535 Hostem
