3134 5042
730 362 946 426 ..34-

241 554 315 615 tare
344 569 418 614 cum
447 547 592 615 ablativo
625 547 701 614 bell.
731 547 806 632 gall
839 554 950 634 anm.
979 552 1114 628 locisque
1143 552 1297 628 impeditis
1331 567 1379 612 ac
1401 549 1450 609 sit·

242 665 393 727 rostribus
422 681 494 727 sese
528 660 725 728 occulmbat
756 667 867 747 dm,
896 666 1006 725 insuta
1036 680 1107 727 sese
1128 660 1391 726 occultaverunt
1413 657 1451 721 cf.

242 772 389 857 Draeger
410 795 441 858 p.
464 779 515 853 55,
526 815 551 860 2.
601 776 730 839 Ctemstr
760 771 849 858 apud
878 772 1068 839 Sallustium
1097 777 1131 838 et
1151 772 1277 838 Livium
1304 771 1453 856 conjun-

247 886 335 969 gitur
364 906 438 952 cum
462 885 605 952 ablativo
633 884 841 952 instrumenti
876 883 915 951 cl
945 884 1014 951 Cat
1038 890 1121 971 5⁷2⁶·
1155 889 1305 951 montona
1346 888 1454 966 atque

242 1002 339 1077 omia
370 996 512 1064 bostium
542 1018 613 1063 sese
642 998 798 1063 clamem
827 998 896 1081 lug.
919 1002 969 1077 38,
978 1038 1003 1081 9.
1033 996 1072 1062 fr.
1094 995 1149 1062 IV.
1180 1002 1230 1062 64.
1266 997 1305 1061 ct
1340 1000 1456 1060 Liuius

243 1115 375 1196 llffim.
402 1115 560 1190 praealtis
589 1110 753 1193 utrimque
782 1109 914 1175 clausus
945 1114 1034 1189 ripis.
1066 1114 1184 1195 timp.
1218 1109 1258 1173 cl
1287 1108 1456 1173 Kiihnast

242 1243 273 1306 p.
299 1227 370 1288 173.
414 1221 618 1306 Praepositio
644 1227 676 1286 io
709 1222 895 1307 significans
925 1222 1033 1287 locum
1060 1221 1225 1287 invenitur
1245 1220 1313 1304 Ing.
1346 1226 1454 1304 lim.

243 1334 346 1400 clausi
366 1334 401 1399 in
421 1334 573 1400 tenebris.
596 1332 664 1400 Cat
690 1339 772 1421 10‚⁶·
796 1333 887 1400 aliud
908 1334 1055 1400 clausum
1070 1333 1103 1398 in
1119 1338 1261 1418 pectore.
1306 1333 1352 1398 cf.
1383 1335 1453 1395 Lio.

247 1451 331 1531 lim.
357 1443 517 1525 claudam,
539 1446 654 1530 inquit,
677 1446 710 1511 in
733 1447 826 1512 curia
847 1467 913 1513 vos.

328 1563 484 1624 Adsuesco
506 1562 540 1624 et
560 1563 719 1636 insuesco,
753 1579 838 1643 quae
864 1557 966 1625 verba
994 1558 1185 1642 plerumque
1207 1562 1326 1641 regunt
1349 1556 1454 1623 abla-

242 1671 362 1736 tivum:
392 1669 586 1736 adsuescere
607 1670 750 1755 aliquem
771 1670 883 1756 aliqua
902 1691 948 1751 re,
978 1691 999 1735 a
1022 1670 1176 1737 Sallustio
1199 1670 1455 1754 conjunguntur

244 1803 317 1847 cum
339 1782 581 1867 praepositione
602 1789 662 1849 od:
696 1782 852 1849 adsuetus
882 1782 925 1849 ad
950 1784 1054 1849 omnis
1074 1784 1122 1848 vis
1145 1782 1454 1848 controversiarum

243 1893 282 1959 lt.
305 1894 361 1960 IlL
384 1878 433 1961 62.
457 1899 585 1961 etcum
613 1900 765 1976 amitino:
798 1896 945 1961 insuetus
973 1894 1136 1962 libertatis
1160 1894 1200 1960 fr.
1221 1894 1246 1959 I.
1272 1900 1342 1960 115.
1393 1893 1453 1958 In·

244 2004 411 2087 finitivum,
445 2006 502 2090 qui
531 2007 653 2091 pendet
682 2029 722 2074 ex
753 2028 966 2074 consuescere
996 2007 1103 2073 inveni
1118 2006 1188 2090 lug.
1209 2011 1294 2091 47,1.
1325 2006 1386 2071 ubi
1415 2008 1452 2069 et

243 2117 384 2184 incolere
408 2124 441 2185 et
463 2119 603 2185 merceri
625 2125 860 2187 consueverant
880 2118 988 2185 Italici
1010 2119 1138 2203 generis
1157 2118 1251 2184 multi
1275 2119 1448 2183 mortales.

330 2230 517 2296 Formulam
540 2236 671 2312 ccipere
687 2237 904 2312 jurejurando
928 2231 968 2297 cf.
992 2231 1122 2298 Caesar.
1144 2230 1219 2296 bell.
1242 2229 1316 2314 gell.
1334 2235 1363 2309 7,
1372 2270 1448 2315 ΒΜ.

245 2343 394 2409 omnibus
411 2343 626 2428 jurejurando
650 2344 786 2424 adactis,
815 2343 989 2411 Sallustius
1010 2365 1075 2409 nou
1102 2342 1245 2423 adhibet
1268 2343 1348 2408 dicit
1370 2343 1447 2407 Cat.

245 2459 329 2541 22‚1.
353 2476 425 2521 cum
448 2461 492 2521 od
509 2456 738 2541 jusjurandum
757 2454 926 2539 popularis
949 2456 1081 2523 sceleris
1104 2457 1154 2521 eui
1175 2455 1330 2538 adigeret.

336 2570 525 2633 contendere
556 2567 748 2653 subjunctus
775 2573 827 2634 est
848 2567 1011 2635 ablativus
1040 2567 1247 2633 instrumenti
1270 2567 1339 2633 Cat.
1364 2573 1446 2652 ll‚2.

244 2677 320 2744 huic
347 2679 425 2762 quia
452 2678 559 2745 bonae
589 2684 677 2746 artes
710 2680 837 2761 desunt,
873 2685 951 2746 dolis
982 2685 1082 2764 atque
1098 2685 1239 2761 fullonis
1263 2678 1446 2744 contendit.

245 2790 444 2856 Vertendum
464 2796 530 2857 est:
563 2790 697 2858 bedient
719 2792 789 2858 sich
812 2792 870 2858 der
892 2791 964 2858 List
985 2791 1052 2857 und
1074 2792 1269 2875 Titusehung
1292 2792 1341 2856 als
1355 2790 1446 2881 'Mit-

243 2902 290 2968 tel
306 2924 378 2967 zum
394 2902 542 2986 Kampfe.
571 2906 761 2970 contendere
777 2904 867 2985 „sich
882 2911 1027 2970 messen“
1042 2903 1248 2988 conjungitur
1259 2924 1332 2969 cum
1344 2923 1446 2986 prae·

246 3015 513 3097 positionem,
537 3035 621 3099 quae
643 3017 789 3082 nominet
812 3037 985 3100 personam
1007 3037 1146 3100 quocum
1169 3015 1384 3093 contenditur,
1408 3021 1446 3079 et

249 3147 319 3192 cum
345 3126 490 3192 ablativo
513 3128 570 3193 rei.
614 3129 659 3194 At
680 3129 753 3214 quis
777 3133 828 3195 est
850 3128 993 3194 omnium
1014 3129 1065 3195 his
1086 3128 1240 3208 moribus,
1262 3128 1341 3212 quin
1363 3132 1444 3191 divi-

245 3244 295 3303 tiis
319 3243 352 3303 et
379 3243 548 3319 sumptibus
577 3261 642 3306 non
667 3245 828 3321 probitate
848 3261 954 3325 neque
981 3245 1138 3307 industrio
1167 3261 1234 3305 com
1261 3237 1443 3323 majoribus

247 3351 314 3416 suis
337 3351 514 3418 contendat
535 3352 603 3436 lug.
626 3359 656 3433 4,
669 3393 693 3439 7.
736 3354 787 3418 Ex
808 3353 908 3420 verbo
939 3363 1063 3419 emtore
1090 3372 1155 3418 nou
1179 3351 1283 3417 solum
1306 3350 1443 3416 ablativi

244 3463 449 3529 instrumenti
480 3470 575 3529 ermis
605 3464 673 3549 Iug.
703 3471 788 3552 48‚1.
820 3487 913 3531 mono
947 3465 999 3531 Or.
1032 3465 1116 3531 Cott.
1145 3471 1164 3530 6
1193 3463 1351 3549 pendent,
1383 3462 1442 3527 sed

245 3574 344 3640 etiam
359 3580 481 3654 proelio
503 3575 571 3659 Ing.
595 3582 677 3664 81,3.
701 3582 752 3658 88,
760 3618 785 3663 4.
808 3597 903 3643 cursu
924 3578 993 3661 lug.
1017 3583 1078 3664 6η.
1109 3583 1189 3643 snitu
1210 3587 1294 3641 necte
1315 3576 1354 3643 fr.
1367 3576 1441 3660 Hq.

246 3692 359 3751 diuitiis
381 3707 454 3753 cum
479 3688 578 3754 divite
600 3707 706 3773 neque
722 3695 864 3770 sectione
884 3711 957 3756 cum
975 3689 1122 3768 factioso,
1146 3688 1203 3754 sed
1220 3709 1293 3753 eum
1308 3693 1440 3753 strenuo

245 3803 376 3875 uirtute,
408 3820 482 3866 cum
512 3800 659 3867 modesto
685 3807 825 3881 pudore,
859 3822 933 3867 cum
961 3803 1132 3868 innocente
1161 3805 1350 3867 abstinentia
1372 3820 1439 3863 cer-

245 3909 349 3975 tabat.

333 4023 428 4106 Apud
450 4045 600 4090 ermom
621 4026 673 4091 vel
694 4047 729 4092 se
752 4047 902 4093 erarem
924 4047 1052 4111 semper
1065 4026 1245 4092 invenimus
1262 4025 1438 4092 ablativum

243 4136 467 4203 instrumenti:
503 4143 666 4218 stipendiis
698 4145 857 4220 sedendis
892 4160 958 4205 uon
995 4145 1116 4205 Groeeo
1145 4143 1301 4219 socordio
1335 4159 1438 4220 neque

245 4253 375 4314 urbanis
397 4255 555 4314 munditiis
577 4271 648 4316 sese
672 4252 818 4316 exercuit
839 4252 908 4336 lug.
932 4257 1015 4337 63,3.
1038 4251 1170 4333 Oanina,
1191 4256 1230 4316 ut
1251 4252 1299 4316 ait
1318 4251 1438 4335 Appius

239 4366 396 4443 facundie
431 4361 647 4429 exercebatur
683 4361 722 4427 fr.
750 4363 791 4428 ΙΙ.
822 4368 872 4428 37.
917 4362 956 4427 cf.
987 4363 1077 4429 Caes.
1110 4362 1184 4428 bell.
1222 4362 1296 4445 gall.
1331 4369 1436 4449 l,48,4.

246 4494 346 4556 genus
375 4472 438 4535 hoc
468 4478 539 4561 erat
570 4494 707 4555 pugnae,
735 4496 799 4555 quo
829 4497 863 4539 se
894 4474 1048 4538 Germani
1077 4481 1298 4542 exercuerant.
1331 4483 1435 4561 sssacse·
1539 4484 1540 4501 ¹
