3134 5042
602 312 872 402 '-97-

167 528 201 591 in
230 527 347 592 itinere
378 547 552 610 aggressus
585 525 718 591 fuderat
746 527 816 608 lug.
843 529 926 610 91‚1.
959 526 993 589 in
1022 526 1139 591 itinere
1251 527 1360 592 distri·

167 638 514 724 buerat.Iug.101‚5.
541 639 575 701 in
604 638 722 702 itinere
744 638 871 702 morati.
902 637 942 702 61.
968 642 1069 722 103‚4.
1095 643 1166 717 105,
1173 680 1199 724 3.
1226 639 1306 703 item
1328 645 1360 702 in

168 757 290 832 agmine
309 751 342 814 in
362 751 476 834 primis
498 748 594 814 modo
610 749 706 814 modo
727 749 762 812 in
776 750 950 832 postremis
967 769 1064 832 saepe
1081 750 1115 813 in
1126 749 1233 815 medio
1246 749 1360 816 adesse

167 863 236 946 Iug.
259 868 342 948 45,2.
366 863 477 944 quiin
502 866 623 942 agmine
647 860 811 944 principes
830 860 911 925 facti
937 866 1030 926 eraut
1043 861 1112 945 lug.
1129 867 1212 948 50,2.
1234 867 1360 946 postre-

167 996 238 1040 mos
266 980 298 1038 in
320 979 442 1055 anniae
470 974 539 1056 Ing.
564 979 646 1057 55‚3.
675 977 707 1035 in
730 977 853 1052 agmine
879 972 913 1036 in
929 979 1051 1052 proelio
1083 973 1249 1039 consultor
1273 973 1360 1038 idem

168 1091 202 1151 et
224 1087 331 1151 socius
352 1085 507 1169 periculis
529 1085 598 1168 Iug.
622 1091 722 1169 85,st
750 1090 783 1148 in
806 1090 928 1164 annino
949 1090 1048 1168 atque
1068 1085 1112 1150 ad
1131 1085 1258 1168 vigilias
1279 1084 1361 1149 mul-

167 1203 221 1263 tus
244 1197 359 1262 adesse
378 1198 447 1281 lug.
471 1204 521 1277 96,
532 1238 556 1282 3.
585 1201 699 1261 contra
719 1196 874 1261 Romanis
896 1201 1070 1280 utrumque
1092 1218 1204 1262 casum
1223 1202 1256 1261 in
1279 1207 1360 1260 tene·

168 1314 234 1375 bris
256 1308 472 1374 difficiliorem
497 1308 567 1373 fore
586 1308 655 1390 Ing.
680 1314 763 1393 97,3.
786 1309 820 1371 iu
841 1308 995 1389 tenebris
1019 1330 1084 1392 quo
1105 1314 1252 1393 tempore
1270 1313 1360 1372 tene-

167 1421 248 1486 brae
262 1420 531 1486 fuerunt—rem
546 1419 711 1504 publicam
732 1421 877 1502 quietam
894 1441 965 1485 csse
984 1425 1042 1485 aut
1055 1426 1089 1484 in
1102 1426 1255 1499 periculis
1273 1421 1360 1503 (oum

167 1533 202 1597 in
223 1532 378 1618 periculis
400 1533 563 1616 versatur)
586 1553 607 1596 a
628 1532 871 1616 promptissimo
895 1552 1024 1614 quoque
1047 1531 1184 1597 defendi.
1207 1532 1261 1597 Or.
1276 1532 1359 1597 Phil.

170 1650 197 1709 1.
219 1682 264 1693 -
285 1644 404 1727 quibus
427 1644 519 1726 quies
542 1649 575 1708 in
596 1648 808 1720 seditionibus,
830 1644 865 1708 in
880 1664 965 1723 pace
978 1642 1096 1708 turbae
1112 1649 1189 1709 sunt
1209 1645 1262 1710 Or.
1278 1645 1360 1710 Phil.

170 1763 187 1821 7
212 1757 372 1837 „zurZeit
392 1754 633 1834 desAufruhrs,
656 1754 853 1820 imFrieden
870 1761 950 1820 etc.“
973 1756 1012 1821 61.
1034 1761 1067 1819 in
1083 1776 1166 1834 pace
1189 1756 1257 1822 Cat.
1277 1762 1360 1843 51,6.

169 1907 209 1916 „.
238 1874 271 1932 in
306 1873 365 1932 otio
394 1866 520 1932 16611166
558 1888 652 1932 suum
681 1888 754 1931 cum
786 1868 894 1932 animo
922 1873 1079 1951 reputans
1107 1867 1174 1950 Iug.
1206 1873 1288 1954 13‚5.
1319 1908 1360 1917 -

168 1979 286 2063 quibus
323 1979 363 2043 de
397 1959 504 2044 causis
527 1977 651 2043 Sullam
683 1985 716 2043 in
745 1983 876 2043 victoria
904 1981 975 2064 (zur
1003 1979 1075 2043 Zeit
1100 1980 1205 2045 seinee
1235 1981 1361 2065 Sieges)

168 2092 363 2157 dictatorem
400 2092 457 2156 uni
495 2090 557 2156 sibi
591 2090 788 2155 descendere
823 2111 906 2173 equo
1015 2091 1145 2156 solitum
1174 2091 1213 2155 fr.
1243 2093 1280 2156 V.
1311 2098 1360 2159 13.

169 2203 338 2269 socordius
359 2202 478 2268 milites
500 2203 549 2267 ire
572 2222 736 2285 occepere,
766 2222 832 2267 non
852 2203 938 2286 aptis
960 2203 1069 2281 armis,
1091 2208 1130 2268 ut
1152 2209 1185 2267 in
1200 2209 1361 2285 principio

169 2315 305 2399 (rueret)
327 2314 451 2380 laxiore
474 2315 601 2398 agmine
624 2313 663 2378 fr.
685 2313 742 2378 III.
767 2318 817 2378 71.

256 2427 460 2511 Praepositio
490 2432 523 2490 in
546 2426 815 2510 conjunctarum
838 2424 994 2509 gerundia
1016 2425 1068 2490 vel
1089 2427 1266 2510 gerundivo
1289 2428 1361 2494 des-

169 2538 266 2603 cribit
289 2543 420 2602 actionis
448 2543 667 2614 conditionem,
699 2537 751 2602 vel
771 2547 883 2602 statam
914 2537 965 2602 vel
987 2548 1104 2618 tenpus
1147 2538 1239 2604 Haec
1253 2539 1360 2606 habeo

169 2649 334 2733 exempla:
357 2648 422 2714 illis
443 2649 574 2714 divitias
597 2669 762 2732 superare,
787 2670 869 2732 quas
888 2648 1090 2733 profundant
1111 2655 1144 2713 in
1167 2657 1360 2717 extrudendo

167 2768 248 2827 nari
279 2767 312 2826 et
340 2767 490 2827 mentions
518 2766 727 2841 coaequandis
748 2761 817 2826 Cat.
841 2766 940 2846 20,11.
971 2762 1098 2828 animus
1120 2767 1152 2826 in
1174 2770 1361 2829 consulendo

168 2873 262 2953 liber,
287 2893 393 2955 neque
415 2873 535 2938 delicto
556 2894 663 2956 neque
684 2872 814 2938 libidini
836 2872 996 2939 obnoxius
1018 2873 1086 2939 Cat.
1111 2878 1160 2953 52,
1169 2915 1210 2959 21.
1235 2875 1361 2940 adhoc

167 2985 324 3069 pleraque
354 2990 503 3068 tempora
530 2990 564 3048 in
586 2990 726 3049 venando
756 3004 855 3067 agere
883 2984 1037 3069 Iug.6,1.
1064 2991 1096 3048 in
1119 2990 1253 3052 vitandis
1272 2993 1360 3066 peri-

168 3103 244 3163 anlis
267 3096 370 3179 magis
392 3116 490 3178 quam
512 3100 690 3162 addiscendo
712 3095 889 3160 teneamini
911 3096 964 3161 Or.
980 3095 1057 3179 Lep.
1083 3101 1110 3160 1.
1133 3097 1252 3178 quibus
1265 3119 1361 3182 prae·

167 3207 254 3274 latus
275 3213 309 3272 in
330 3211 561 3289 magistratibus
583 3212 748 3287 capiundis
764 3206 920 3287 Fufidius,
943 3207 1063 3272 ancilla
1082 3209 1188 3292 turpis
1212 3208 1267 3273 Or.
1281 3209 1359 3295 Lep.

168 3324 220 3387 21.
232 3325 265 3385 et
274 3320 359 3385 forte
375 3324 408 3383 in
422 3324 597 3399 navigando
612 3319 729 3385 cohors
741 3339 808 3383 uua
818 3318 934 3402 grandi
943 3319 1077 3403 phaselo
1087 3325 1181 3385 vecta
1192 3320 1295 3386 affl.
1310 3328 1359 3388 56.

254 3437 292 3496 In
313 3436 488 3515 praeterea
518 3430 681 3514 significat
709 3450 868 3496 nnmcrnnn
898 3431 949 3495 vel
978 3437 1132 3509 ordinem,
1163 3435 1361 3517 6661666661

168 3548 406 3620 mnditndinenn,
433 3543 468 3607 in
499 3564 565 3626 qua
593 3562 678 3627 quae
710 3563 763 3607 res
786 3547 852 3623 est,
887 3543 939 3607 vel
964 3543 1122 3625 habetur,
1150 3550 1359 3627 numeratur3

167 3655 254 3721 idem
276 3654 364 3719 valet
385 3675 426 3719 ac
445 3655 646 3739 praepositio
670 3659 769 3720 inter:

253 3772 286 3831 in
309 3770 418 3846 qnibns
445 3766 585 3831 Catilina
606 3767 670 3832 fuit
689 3767 757 3832 Cat.
779 3773 861 3852 ¹8³1·
889 3767 1099 3851 conjuravere
1121 3769 1219 3851 pauci
1245 3774 1360 3834 eontra

168 3900 238 3943 rem
259 3877 424 3962 publicam
446 3878 480 3942 in
502 3878 621 3961 quibus
642 3878 782 3943 Catilina
804 3876 867 3942 fuit
890 3877 930 3942 61.
945 3878 1013 3962 Ing.
1030 3884 1114 3965 25,4.
1138 3884 1188 3959 28,
1196 3920 1221 3964 4
1243 3879 1282 3944 fr.
1305 3882 1358 3947 IV.

169 3989 443 4058 mmmm

254 4107 287 4165 in
317 4122 355 4166 ea
383 4106 599 4181 conynratione
626 4100 690 4165 fuit
718 4102 777 4180 ou.
807 4102 922 4168 Curius
952 4102 1021 4167 Cat.
1046 4107 1129 4187 23‚1.
1160 4103 1200 4168 61.
1224 4108 1359 4189 47,1.2·n

168 4219 208 4279 iis
229 4200 299 4278 erat
319 4212 511 4296 Sempronia
541 4212 609 4277 Cat.
633 4217 717 4298 25‚1.
748 4213 788 4278 61.
811 4219 894 4300 3115.
924 4218 962 4279 ut
988 4214 1018 4278 is
1048 4219 1080 4278 in
1102 4215 1359 4300 proscriptorum

169 4346 295 4391 numero
318 4329 405 4389 esset
428 4324 497 4390 Cat.
521 4329 619 4409 51,33,
650 4325 700 4388 uti
729 4325 799 4407 ipse
827 4331 860 4390 in
884 4347 919 4390 eo
940 4347 1067 4391 nnmero
1100 4332 1268 4392 crearetur
1289 4329 1358 4412 lug.

169 4444 220 4517 40,
228 4478 253 4522 4.
286 4436 389 4502 omnis
412 4436 482 4501 fere
503 4456 556 4501 res
579 4455 713 4520 asperas
741 4458 802 4520 per
832 4437 1024 4521 Iugurtham
1047 4457 1160 4521 agere,
1190 4443 1223 4503 in
1253 4446 1358 4504 amicis

1136 4544 1151 4591 7
