3134 5042
673 303 914 364 -101-

197 497 253 558 sub
276 488 400 556 honesto
422 494 552 575 patrum
574 494 631 554 aut
652 487 760 572 plebei
789 493 908 552 nomine
935 487 1171 554 dominationes
1190 485 1390 554 affectabant

199 610 314 682 „unter
337 603 410 668 dem
432 602 652 667 ehrenwerten
672 600 826 666 Namen.“

284 715 434 798 Aliquem
457 712 517 779 sub
544 714 665 778 ditione
688 713 826 797 alicujus
847 734 932 791 esse,
956 714 1147 796 exprimitur
1168 713 1231 778 hac
1251 737 1389 801 praepo·

199 829 314 894 sitione
337 828 405 910 Iug.
428 832 508 912 l3,1.
539 828 595 910 qui
622 829 678 892 sud
708 830 836 904 imperio
868 824 1026 908 Micipsae
1054 825 1186 890 fuerant
1216 827 1284 911 Iug.
1309 835 1356 909 19,
1365 870 1389 915 7.

199 939 412 1005 Gaetulorum
431 958 550 1022 magna
570 960 648 1023 pars
664 943 697 1003 et
713 936 873 1001 Numidae
889 955 992 1020 usque
1002 931 1054 1019 :ad
1065 935 1389 1033 ᾒιμῃρη-Μώηρῂερω

200 1056 256 1116 aab
278 1055 431 1131 superruo
454 1058 555 1116 erant.
1063 1034 1073 1075 ³
1090 1034 1135 1079 '³³
1164 1040 1191 1055 ⁰
1284 1034 1299 1080 3

724 1247 865 1335 Super.
1066 1214 1131 1261 ⁵''⁵
1160 1208 1169 1220 ’

284 1387 487 1473 Praepositio
509 1409 614 1467 super,
637 1407 721 1470 quae
743 1386 829 1469 regit
851 1385 1039 1465 ablativum,
1058 1407 1122 1451 non
1143 1389 1306 1454 invenitur
1328 1389 1390 1454 nisi

199 1522 262 1567 uno
282 1502 354 1566 loeo
376 1501 444 1585 Iug.
469 1505 551 1586 Ἠῶ,
582 1500 756 1565 lacrimans
778 1498 964 1565 obtestatur
985 1520 1045 1584 per
1065 1499 1241 1565 amicitiam
1267 1522 1390 1584 perque

200 1635 259 1678 sua
290 1618 387 1678 antea
416 1612 556 1678 fideliter
579 1617 668 1691 acta,
698 1633 738 1676 ne
760 1631 856 1690 super
886 1617 942 1676 tuli
970 1617 1088 1677 scelere
1110 1618 1296 1696 suspectum
1320 1634 1390 1678 sese

199 1726 345 1791 haberet.
388 1725 477 1790 Idem
508 1725 595 1790 valet
623 1745 662 1789 ao
682 1723 882 1808 praepositio
909 1730 965 1801 de,
996 1724 1052 1806 qui
1082 1745 1159 1789 usus
1190 1724 1391 1807 frequentior

200 1843 272 1902 erat
301 1836 388 1921 apud
418 1837 593 1920 scriptores
623 1842 731 1901 aetate
765 1836 973 1919 posteriores.
1018 1835 1176 1920 Exempla
1197 1857 1280 1920 quae
1302 1838 1390 1902 inre·

199 1951 333 2015 niuntur
355 1949 442 2034 apud
465 1949 641 2033 scriptores
663 1968 782 2014 aureae
799 1947 916 2012 aetatis
938 1947 1099 2031 congessit
1112 1948 1240 2032 Kriiger
1257 1969 1389 2032 gramm.

223 2112 230 2127 .
255 2068 326 2128 517.

198 2084 220 2147 p
286 2174 377 2239 Haec
397 2173 513 2251 habeo,
535 2192 619 2255 quae
642 2171 749 2237 dicam
771 2169 812 2236 de
836 2170 980 2237 ablativo
1003 2171 1209 2237 Sallustiano.
