3134 5042
698 379 914 441 ...33-

212 564 280 648 lug.
304 568 354 642 32,
363 605 388 650 ἦ.
411 568 495 650 46‚1.
521 568 604 649 75η.
635 569 730 629 armis
761 563 938 651 1ug.50,1.
971 569 1076 629 uirtuti
1104 565 1173 647 lug.
1198 569 1279 651 525.
1308 571 1418 630 reteri

212 681 366 743 maciem
386 675 455 760 lug.
478 681 560 763 43‚„.
584 681 643 742 riti
660 681 850 757 patriaeque
872 676 941 743 cas
967 682 1049 763 31‚,.
1071 682 1152 742 vitoe
1172 677 1241 743 Cat.
1263 683 1314 756 45,
1321 717 1345 762 4.

297 790 341 854 At
357 795 462 869 sretm
484 808 612 873 semper
634 788 841 874 conjungitur
853 809 926 854 cum
940 794 1088 855 ablativo:
1109 794 1216 870 opttus
1232 789 1301 855 cat.
1318 797 1368 856 56.
1380 831 1415 876 5.

211 906 403 967 multitudine
431 900 499 985 lug.
525 905 574 981 13,
581 942 606 987 ⁸.
637 905 803 982 turpilione
832 901 936 985 magis
970 922 1068 985 quam
1097 923 1194 967 ccum
1223 902 1290 985 lug.
1322 908 1413 987 15η.

211 1014 343 1098 utrique
369 1018 476 1079 ulteris
504 1012 580 1079 freti
609 1013 678 1097 lug.
703 1017 801 1100 Idm.
827 1018 961 1079 aruicitia
991 1012 1104 1098 populi
1133 1014 1271 1079 Romani
1298 1015 1414 1098 magis

211 1148 310 1212 quam
332 1130 471 1192 Numidis
492 1126 561 1209 lug.
584 1130 669 1212 tow.
692 1130 801 1205 quidus
822 1125 870 1190 illi
888 1125 965 1191 freti
984 1125 1054 1210 Iug.
1071 1131 1155 1213 59‚3.
1179 1131 1227 1193 dis
1243 1126 1302 1211 lug
1318 1132 1410 1213 63η.

211 1237 599 1324 summme

296 1348 483 1416 Ablatirum
513 1354 612 1428 pretii
649 1349 929 1416 instrumentalem
965 1371 1036 1417 esse
1066 1350 1245 1417 ablativum
1278 1373 1339 1435 per
1369 1374 1408 1417 se

210 1468 319 1548 patet,
351 1482 428 1527 nam
460 1460 603 1545 pretium
639 1482 704 1545 quo
733 1482 787 1527 res
819 1462 938 1528 emitur
967 1462 1220 1529 instrumentum
1256 1470 1307 1529 est
1334 1465 1405 1551 ejus

211 1574 460 1661 comparandae.
500 1572 539 1640 oi
564 1573 618 1640 Or.
641 1572 719 1657 Lep.
744 1580 784 1640 18
807 1580 907 1658 atque
927 1575 1002 1655 illa,
1033 1595 1117 1659 quae
1139 1580 1209 1641 tum
1230 1575 1405 1643 formidine

211 1692 376 1754 mercatus
395 1708 466 1753 sum
482 1690 597 1766 pretio.
642 1684 770 1752 Similes
792 1686 856 1752 loci
877 1692 954 1753 suut
973 1686 1043 1753 Cat.
1065 1692 1150 1774 49‚1.
1176 1709 1282 1772 neque
1298 1695 1405 1769 pretio

210 1821 316 1884 neque
338 1799 446 1883 gratia
468 1799 656 1865 Ciceronem
678 1797 846 1884 impellere
870 1799 1011 1883 quivere.
1032 1798 1102 1883 Ing.
1121 1805 1171 1881 29,
1179 1842 1204 1887 3.
1224 1806 1331 1880 pretio
1347 1807 1407 1866 aut

211 1912 318 1997 gretia
344 1910 544 1977 effecturum.
572 1911 641 1977 Oet.
668 1915 751 1997 5οη.
783 1911 840 1994 qui
862 1917 968 1991 pretio
998 1932 1068 1977 rem
1097 1911 1263 1995 publicam
1285 1933 1407 1979 vexare

210 2023 298 2091 soliti
326 2028 428 2090 erant.
454 2023 523 2107 Iug.
545 2028 595 2105 35,
603 2064 627 2109 4.
652 2027 769 2102 pretio,
801 2023 897 2089 sicuti
918 2023 1022 2089 multa
1044 2024 1239 2105 confecerat,
1270 2025 1406 2091 insidia·

210 2142 299 2203 tores
320 2135 481 2202 Massivae
504 2140 610 2220 parat.
649 2134 703 2201 Or.
726 2134 803 2220 Lep.
824 2141 865 2201 23
888 2136 1001 2219 utique
1027 2137 1105 2221 jura
1128 2141 1161 2202 et
1178 2137 1305 2222 judicia
1327 2139 1407 2205 sibi-

210 2254 279 2315 met
299 2252 549 2332 extorquerent:
572 2253 701 2329 eqreqr'a
723 2247 848 2314 scilicet
868 2254 1028 2325 mercede·
1042 2269 1116 2314 oum
1136 2249 1275 2333 relegati
1296 2250 1330 2315 in
1345 2273 1406 2335 pa-

210 2361 303 2428 ludes
326 2365 360 2427 et
380 2360 478 2426 silves
501 2359 708 2425 cutumelium
732 2364 831 2443 atque
847 2360 1002 2426 invidiam
1020 2381 1121 2441 suam,
1141 2362 1289 2446 praemia
1304 2384 1406 2448 penes

210 2495 335 2559 paucos
365 2471 593 2556 intellegerint.
624 2477 675 2538 25.
710 2471 832 2538 tradite
864 2472 1047 2557 exemplum
1081 2474 1222 2558 posteris
1260 2474 1303 2539 ad
1334 2497 1405 2540 rem

210 2585 376 2671 publicam
405 2585 524 2652 suimet
560 2584 727 2668 sanguinis
759 2591 901 2651 mercede
930 2585 1248 2651 nucumveniundam
1276 2586 1315 2652 oi.
1339 2591 1402 2652 Lis.

212 2704 262 2779 33,
271 2737 344 2784 qm.
366 2703 507 2763 mercede
528 2696 678 2762 militare.
722 2698 903 2781 meliusque
918 2696 1042 2762 habent
1060 2705 1201 2764 mercede
1215 2699 1403 2783 delinquere

211 2831 310 2894 quam
340 2808 443 2893 gratis
472 2812 562 2873 recte
592 2807 702 2875 facere
733 2808 787 2875 Or.
810 2808 911 2874 Macr.
933 2815 961 2876 5.
1005 2809 1211 2876 Ptolemaeus
1235 2817 1340 2891 pretio
1370 2813 1403 2875 in

214 2923 284 2989 dies
305 2921 427 2988 bellum
448 2920 618 3006 prolatens
639 2920 698 3004 Ep.
720 2920 832 2986 Mithr.
857 2926 906 2987 12.
923 2928 1029 3000 predo
1052 2923 1223 3007 compositi
1243 2924 1282 2988 fr.
1304 2922 1328 2988 Ι.
1352 2929 1402 2989 43.

210 3035 350 3100 alienam
380 3054 449 3099 rem
475 3037 619 3113 periculo
648 3054 704 3098 edo
737 3053 853 3099 curare
883 3033 951 3117 lug.
975 3039 1058 3120 83,1.
1089 3034 1392 3122 cf.Lirias2‚12‚10

210 3147 300 3214 utin
321 3146 465 3230 singulas
489 3147 589 3212 hores
610 3151 713 3227 capite
734 3145 868 3211 dimices
894 3155 945 3211 tuo
968 3146 1090 3231 duplici
1112 3148 1182 3213 acie
1204 3148 1311 3214 locum
1335 3148 1402 3214 edi·

209 3265 279 3326 tum
301 3265 392 3325 medlo
414 3264 566 3340 sanquine
587 3258 754 3324 defensum
784 3259 823 3325 fr.
845 3259 901 3324 ΠΙ.
926 3265 976 3327 70.
1005 3259 1044 3324 cf.
1065 3265 1129 3326 Lr'r.
1152 3266 1284 3347 23,30‚2.

295 3372 441 3438 Eandem
472 3373 746 3439 constructionem
767 3372 869 3438 hebet
893 3373 1028 3438 verbum
1047 3385 1166 3440 mutere
1188 3374 1402 3454 ‚‚tausohen“:

210 3506 349 3570 quorum
385 3505 480 3550 nemo
518 3489 633 3550 diurne
670 3492 812 3551 mercede
843 3485 944 3550 vitam
977 3487 1154 3552 mutaverit
1183 3486 1237 3552 Or.
1269 3486 1350 3552 Phil.
1383 3492 1401 3550 7

210 3598 315 3663 denen
346 3596 459 3663 keiner
492 3595 577 3662 wohl
615 3596 683 3661 sein
717 3597 829 3664 Leben
858 3597 912 3662 fiir
945 3598 1008 3663 den
1040 3598 1205 3682 Tagelohn
1240 3598 1402 3682 hingeben

209 3709 347 3775 mochte.
401 3730 505 3793 eaque
541 3714 668 3774 mutare
706 3730 778 3774 cum
811 3709 1049 3776 mercatoribus
1076 3716 1145 3776 rino
1178 3717 1340 3776 advectitio
1369 3715 1403 3776 et

210 3827 281 3888 aliis
311 3826 422 3888 taddeo
450 3822 519 3905 lug.
550 3827 601 3902 44,
608 3863 633 3908 5.
659 3842 754 3887 nemo
782 3822 846 3887 nisi
875 3821 979 3888 victor
1003 3843 1086 3902 poce
1121 3822 1242 3888 bellum
1264 3824 1402 3890 mutavit

210 3934 279 4001 Cat.
304 3940 402 4022 58‚15.
423 3940 534 4018 togam
550 3940 770 4015 paludamento
793 3935 932 3999 mutavit
953 3934 991 4000 fr.
1014 3935 1080 3999 Ino.
1102 3941 1152 4001 65.

296 4057 489 4113 aestumare:
527 4067 603 4131 que.¹
628 4052 739 4112 tamen
769 4051 871 4126 qumis
902 4052 1011 4114 modiis
1043 4047 1232 4113 libertatem
1259 4049 1401 4114 omnium

211 4163 434 4225 aestumavere
457 4160 511 4225 Or.
534 4157 634 4224 Macr.
659 4164 708 4226 19.

296 4271 501 4355 Deponentia
515 4279 595 4349 utor,
606 4279 712 4352 fruor,
722 4279 853 4352 sempor,
869 4292 985 4350 vereor,
995 4277 1101 4352 potior
1115 4272 1190 4336 olim
1209 4277 1328 4337 natura
1342 4294 1401 4337 sua

210 4382 366 4449 reflexiva
387 4387 489 4464 erant,
508 4403 584 4448 uam
606 4393 676 4448 utor
697 4383 778 4448 nihil
805 4382 894 4448 aliud
916 4389 967 4449 est
989 4384 1067 4448 nisi:
1095 4384 1264 4449 commoda
1285 4384 1400 4463 habeo,

211 4495 380 4563 commoda
408 4494 488 4560 mihi
514 4515 667 4578 comparo
689 4494 801 4577 aliqua
824 4516 860 4559 re
882 4495 953 4575 „ich
976 4495 1106 4560 fordere
1133 4495 1248 4559 mioh“.
1286 4503 1400 4576 fruor:
