3134 5042
711 365 905 424 -4..

215 549 264 614 ed.
292 548 374 613 Keil.
422 549 492 613 lam
521 548 641 613 Caesar
669 547 760 613 illum
790 569 901 613 casum
925 548 1103 612 nominavit
1123 546 1329 628 „ablativum
1362 547 1405 613 cf.

215 661 381 726 Charisius
403 684 434 746 p.
463 665 532 726 133.
556 660 637 725 Keil.
681 661 724 725 Et
744 660 849 725 multa
874 666 958 740 sunt,
981 680 1065 742 quae
1077 660 1215 725 Romani
1236 681 1296 743 per
1312 659 1405 725 abla-

213 774 317 839 tivum
340 793 451 838 casum
481 773 586 838 solent
617 771 742 838 efferre
787 772 944 838 Adhiberi
967 792 987 837 a
1009 772 1094 855 scipt
1079 772 1206 838 toribus
1228 770 1338 837 latinis
1360 772 1406 837 ad

212 884 295 967 loca,
332 891 490 969 tempora,
524 886 782 989 instrumentum,
811 885 928 969 pretia,
962 883 1070 968 objt
1018 888 1101 964 ecta
1131 882 1292 949 attributa
1319 884 1404 949 indi·

214 988 348 1107 candit,
353 998 403 1063 'ad
433 965 692 1093 οιιιιιιὲέᾆιιιιιθι
714 995 953 1080 significandas,
988 995 1030 1061 ad
1053 995 1184 1061 modum
1207 995 1325 1080 agendi
1347 996 1403 1061 de-

216 1108 463 1213 scabendum,
456 1108 605 1204 omnibus
613 1102 731 1203 uotum
741 1115 800 1175 est
845 1108 909 1173 Sed
920 1108 974 1173 hro
996 1129 1106 1174 vanus
1118 1113 1217 1192 atque
1232 1108 1403 1194 multiplex

213 1214 293 1298 u'slti
307 1202 469 1290 :sidiam
487 1209 535 1286 'e'm
524 1202 676 1287 tribus
677 1216 806 1306 priscae
827 1220 981 1286 latinitat
957 1225 1000 1286 trs
1024 1220 1175 1285 casibus:
1197 1241 1237 1286 ex
1259 1221 1359 1287 ablat'
1336 1227 1402 1286 trvo

213 1355 290 1400 vero
312 1333 364 1399 vel
386 1334 561 1417 proprio„
564 1333 638 1398 dem
669 1334 777 1417 eigent
763 1332 886 1398 tlichen
905 1332 1054 1413 Ablativ,
1085 1353 1126 1397 ex
1143 1331 1284 1399 locativo
1307 1338 1340 1398 et
1363 1354 1403 1397 ex

215 1466 294 1511 casu
315 1445 567 1511 instrumentali.
611 1443 742 1511 Oonfusi
765 1449 840 1511 sunt
826 1444 915 1511 thit
900 1449 969 1511 tres
990 1466 1084 1511 casus
1100 1445 1247 1529 postea
1236 1467 1271 1510 m
1292 1467 1402 1525 unum,

212 1558 246 1621 in
269 1557 369 1623 ablat
345 1562 456 1638 tivum,
479 1579 576 1641 quem
597 1578 656 1623 nos
676 1557 823 1638 dicimus,
845 1577 910 1622 non
922 1577 1000 1641 qma
1011 1556 1257 1622 termmatrones
1282 1558 1403 1622 similes

214 1676 317 1750 erant,
348 1670 405 1735 sed
436 1670 524 1754 quod
549 1669 673 1751 „unde“
695 1669 928 1754 quaerentibus
950 1669 1100 1735 omnibus
1120 1669 1171 1735 his
1192 1670 1298 1736 tribus
1321 1670 1403 1734 casi-

213 1780 276 1848 bus
296 1802 488 1866 responsum
510 1786 568 1847 est.
613 1782 742 1848 Accede
764 1782 808 1848 ad
830 1782 966 1865 singula.

298 1895 469 1961 Ablativus
480 1916 576 1960 verus
589 1894 641 1959 vel
655 1894 808 1979 proprius
831 1893 993 1978 significat
1014 1894 1120 1959 locum
1143 1893 1194 1959 vel
1215 1914 1293 1973 rem,
1316 1894 1402 1959 unde

77 2076 88 2089 p
214 2007 339 2091 aliquid
372 2007 448 2087 exit,
479 2011 537 2073 aut
559 2006 787 2090 aliquomodo
816 2006 1051 2091 proficiscitur:
1095 2007 1162 2070 Das
1183 2004 1403 2072 Herkommen

213 2138 276 2183 von
299 2118 405 2183 einem
427 2118 515 2184 Orte.
559 2118 681 2183 Notum
703 2123 753 2183 est
774 2118 953 2184 ablativum
973 2138 1086 2182 verum
1107 2117 1185 2201 poni
1209 2117 1243 2182 in
1266 2118 1402 2182 nomini-

212 2230 274 2296 bus
302 2230 434 2296 urbium
461 2230 512 2294 vel
535 2251 711 2313 parvarum
733 2230 922 2311 insularum,
946 2250 1020 2295 oum
1044 2230 1214 2313 quaeritur
1235 2229 1321 2295 unde
1344 2230 1401 2294 ali-

180 2393 182 2397 ,
214 2343 288 2424 quis
309 2342 420 2407 veniat
441 2342 492 2407 vel
514 2362 566 2407 res
591 2347 695 2408 exeat.

298 2455 480 2520 novissume
518 2454 647 2519 rediens
677 2459 842 2521 Numantia
868 2455 1021 2541 Iug.10‚2
1051 2455 1091 2520 de
1117 2455 1303 2520 innocentia
1331 2455 1402 2539 ejus

213 2567 332 2632 certior
361 2570 458 2631 Roma
485 2565 593 2631 factus
629 2566 697 2648 lug.
720 2572 785 2651 46„
826 2567 927 2650 igitur
961 2569 1153 2647 Cortbopine
1185 2566 1249 2631 duo
1284 2565 1403 2632 fratres

211 2678 302 2744 missi
332 2678 400 2762 lug.
426 2685 492 2765 79„
515 2679 646 2745 interim
669 2683 765 2744 Roma
786 2699 846 2762 per
866 2679 994 2743 litteras
1025 2679 1145 2743 certior
1170 2678 1207 2742 fit
1229 2678 1297 2761 Ing.
1322 2683 1399 2764 82,2.

212 2790 277 2855 Sed
306 2790 470 2856 interdum
499 2790 630 2856 urbium
659 2790 845 2857 nominibus
866 2790 1125 2874 praepositiones
1148 2790 1321 2870 adduntur,
1344 2791 1401 2857 ubi

212 2903 392 2969 ablativum
418 2903 523 2970 solum
552 2908 796 2988 exspectamus:
829 2907 867 2968 ab
892 2909 986 2969 Zama
1009 2902 1147 2969 discedit
1173 2902 1241 2987 Iug.
1266 2909 1341 2989 61,1,
1364 2907 1401 2968 ab

217 3018 317 3095 Capsa
338 3038 403 3081 non
425 3016 564 3100 amplius
587 3016 687 3081 duum
708 3015 833 3080 milium
853 3015 1024 3108 intervallo
1045 3016 1114 3098 Iug.
1140 3021 1205 3101 9¹³3
1227 3020 1298 3080 tum
1320 3015 1402 3081 Bru·

211 3132 264 3193 tus
294 3132 331 3193 ab
355 3132 451 3193 Roma
482 3128 599 3194 aberat
621 3128 690 3194 Cat.
713 3134 791 3214 40,5.
836 3127 871 3192 Si
892 3128 1078 3193 accuratius
1105 3128 1192 3193 hunc
1220 3149 1315 3192 usum
1345 3127 1402 3193 ob·

212 3259 387 3321 servamus,
410 3240 556 3306 videmus
577 3241 856 3325 praepositionem·
873 3239 942 3322 Iug.
967 3245 1033 3326 61,1
1069 3240 1191 3323 optimo
1218 3239 1294 3324 jure
1316 3240 1402 3322 posi·

210 3357 279 3417 tam
308 3373 393 3432 esse,
423 3352 511 3435 quod
541 3353 692 3419 Metellus
722 3352 764 3418 ab
795 3353 1035 3437 oppugnatione
1065 3352 1183 3417 Zamae
1218 3350 1343 3416 recedit
1371 3350 1405 3416 cf

211 3464 308 3530 Hand
338 3464 460 3530 Tursel.
483 3465 508 3529 Ι.
537 3487 568 3548 p.
603 3471 653 3532 10.
695 3465 733 3529 In
755 3464 829 3529 aliis
853 3464 934 3529 locis
962 3465 1031 3548 lug.
1054 3469 1118 3549 82„
1153 3463 1400 3550 91,3Oat.40,5

210 3577 410 3662 praepositio
442 3597 515 3641 eam
541 3577 643 3643 habet
671 3579 745 3659 vim,
774 3584 812 3643 ut
846 3575 1020 3642 distantiae
1040 3577 1205 3642 notionem
1228 3581 1349 3660 augeat
1370 3581 1403 3641 et

216 3710 345 3756 sensum
368 3689 467 3754 animi
488 3710 586 3772 quam
609 3690 813 3772 apertissime
836 3690 1007 3773 exprimat.
1037 3689 1076 3753 cf.
1099 3688 1221 3755 Sueten
1250 3689 1331 3772 Aug.
1352 3693 1402 3754 88.

211 3801 367 3885 Draeger.
390 3801 503 3867 histor.
527 3800 600 3886 Syn.
622 3823 654 3886 p.
678 3806 750 3868 496.
795 3801 972 3867 Praeterea
997 3801 1176 3867 notandum
1205 3805 1264 3881 est,
1297 3800 1401 3865 Sallu·

211 3913 309 3978 stium
330 3912 430 3978 verbo
453 3914 568 3979 abesse
590 3935 718 3998 semper
739 3914 1016 3997 praepositionem
1039 3912 1081 3978 ab
1104 3913 1247 3997 adjicere
1271 3912 1310 3977 cf.
1333 3911 1402 3994 lug.

210 4031 276 4111 48,3
300 4031 366 4112 44„
380 4024 450 4090 Cat.
474 4032 520 4111 6,4
543 4032 635 4113 20,1,.
680 4026 802 4092 Caesar
813 4027 1088 4111 praepositionem
1101 4025 1292 4109 plerumque
1309 4024 1402 4091 omit·

209 4138 259 4203 tit.
302 4138 414 4203 Posita
431 4143 482 4203 est
496 4138 571 4204 bell.
596 4139 678 4216 civil.
704 4139 760 4204 III.
786 4145 871 4226 108„
898 4145 953 4224 8,4.
976 4139 1051 4205 bell.
1064 4138 1138 4223 gall
1162 4139 1231 4204 VII.
1255 4143 1321 4223 80„
1346 4137 1402 4220 qui

209 4250 273 4314 loci
295 4248 392 4314 facile
416 4250 612 4333 explanandi
635 4256 711 4318 sunt
733 4250 767 4315 cf
781 4251 924 4332 Fischer,
947 4251 1191 4317 Restionslehre
1213 4249 1268 4315 bei
1282 4250 1402 4315 Caesar

209 4363 227 4447 ᾗ
249 4368 301 4427 45.
345 4361 480 4442 Livium,
504 4363 560 4444 qui
576 4362 719 4429 Graecos
736 4363 894 4444 imitatur,
916 4364 1193 4448 praepositionem
1210 4362 1402 4445 plerumque

211 4474 354 4558 adjicere
377 4474 477 4538 etiam
507 4474 604 4540 iniis
630 4475 720 4554 locis,
749 4476 868 4558 quibus
890 4476 981 4558 regio
1006 4474 1096 4540 urbis
1118 4494 1183 4539 non
1207 4475 1401 4558 intelligitur
