3134 5042
688 390 928 452 -100-

210 595 278 639 mea
299 579 419 654 injuria
441 573 586 658 despecti
609 574 686 639 estis
708 574 778 658 lug.
803 580 885 660 118.
921 575 1044 653 „durch
1066 575 1125 640 das
1147 576 1209 640 mir
1233 577 1406 660 zugefiigte

211 685 357 751 Unrecht
379 686 449 751 seid
472 686 557 751 auch
578 685 631 751 ihr
652 686 813 751 verliiihnt
834 685 994 751 worden.“

297 817 415 880 magna
437 819 561 863 merces
583 803 615 861 ia
637 819 693 878 spe
714 798 872 864 victoriae
894 797 963 863 Cat.
987 803 1072 884 41‚2.

295 909 371 975 Piso
391 915 597 994 oppugnatus
619 915 793 989 injudicio
816 910 1028 995 pecuniarum
1057 911 1312 995 repetundarum
1335 912 1406 978 (lat.

210 1028 261 1101 49,
272 1064 296 1108 2.

296 1154 395 1216 quam
424 1134 466 1199 ob
495 1155 564 1198 rem
592 1138 624 1196 in
655 1139 808 1198 sententio
837 1154 903 1199 111
925 1132 1081 1199 addidisti
1110 1135 1158 1200 uti
1179 1135 1271 1219 prius
1292 1136 1326 1199 in
1349 1157 1407 1200 eos

210 1245 400 1311 verberibus
429 1245 743 1310 animadverteretur
771 1245 839 1311 Cat.
871 1251 969 1331 olm.
1006 1267 1148 1325 „warum
1179 1245 1256 1311 hast
1285 1246 1329 1311 du
1350 1246 1407 1312 bei

210 1356 337 1422 deinem
360 1358 505 1439 Antrage
526 1356 618 1421 nicht
638 1357 723 1422 noch
744 1355 984 1440 hinzugefiigt.“

296 1474 350 1545 „in
373 1473 625 1549 aspernantem
646 1469 740 1552 quasi
757 1469 792 1533 in
805 1489 904 1534 unam
917 1489 1028 1534 vocem
1044 1469 1165 1534 coaluit
1176 1474 1210 1535 et
1219 1470 1407 1554 oppositum

210 1585 260 1646 est
282 1581 353 1645 voci
370 1586 525 1659 priuatus.
569 1579 637 1645 Nos
660 1581 816 1645 vertimus
839 1579 1031 1659 „Beamter“
1055 1581 1407 1665 Ο1.Οο11.4.,1ρ111111

210 1692 432 1758 adolescentia
453 1692 487 1756 11
509 1712 565 1757 ore
586 1698 694 1758 vestro
710 1697 857 1772 privatus
879 1698 912 1757 et
932 1697 966 1756 in
987 1697 1219 1773 macinii-atilius
1242 1694 1300 1777 egi.

294 1808 394 1869 Locus
423 1809 597 1889 praeterea
632 1803 835 1888 significatur
868 1804 936 1888 Ing.
967 1811 1050 1889 75,2.
1090 1826 1288 1887 quamquam
1318 1806 1407 1872 inter

210 1916 347 1981 Thalam
381 1915 566 2000 flumenque
603 1916 789 2001 proximum
817 1921 850 1980 in
878 1922 979 1995 spatio
1012 1916 1136 1982 milium
1168 1917 1408 2001 quinquaginta

209 2027 283 2093 loca
304 2028 399 2093 arida
421 2032 520 2111 atque
542 2033 636 2093 vasta
668 2049 739 2094 esse
763 2033 968 2111 cognoverat.
1000 2028 1190 2108 „innerhalb
1214 2029 1303 2094 einer
1324 2030 1406 2094 Ent-

210 2139 348 2222 femung
369 2147 460 2205 11ηέι
485 2179 526 2187 -
549 2161 628 2224 ager
649 2145 682 2204 ia
701 2145 800 2205 medio
824 2159 982 2205 arenosus
1004 2140 1072 2222 Ing.
1098 2144 1180 2226 79‚3.

295 2251 395 2334 igitur
424 2251 618 2318 discubuere
640 2252 805 2317 Sertorius
828 2250 963 2317 infen'or
992 2257 1024 2315 in
1046 2257 1145 2316 medio
1233 2258 1265 2316 in
1290 2275 1408 2317 mmmo

210 2364 369 2429 Antonius
465 2369 498 2428 et
521 2363 605 2429 alter
627 2362 737 2429 scriba
758 2363 934 2429 Maecenas
956 2369 987 2427 in
1012 2368 1070 2427 imo
1090 2364 1215 2429 medius
1236 2363 1275 2429 fr.
1298 2365 1355 2429 Ill.
1373 2372 1407 2429 4.

295 2474 384 2559 apud
393 2475 516 2559 primos
539 2480 619 2554 erat,
642 2481 674 2539 ic
693 2485 850 2555 postremo
873 2475 905 2540 Ο.
926 2474 1051 2539 Marius
1073 2475 1201 2559 legatus
1225 2497 1298 2541 cum
1313 2477 1409 2558 equi·

208 2586 298 2653 tibus
322 2588 461 2653 curabat
481 2587 550 2669 lug.
573 2594 661 2672 417.

295 2701 421 2781 equites
447 2705 480 2764 in
498 2704 600 2778 primo
620 2699 696 2778 late,
718 2698 847 2783 pedites
871 2719 970 2782 quam
994 2699 1174 2763 arctissime
1196 2699 1245 2763 ire
1263 2704 1296 2764 et
1311 2699 1408 2783 signa

210 2811 377 2877 occultare
396 2810 493 2895 jubet
512 2812 581 2893 lug.
604 2817 687 2895 ⁶8⁷4·

296 2922 482 3003 Ablativus,
517 2923 573 3005 qui
593 2922 714 3006 pendet
736 2942 776 2987 ex
798 2921 1040 3005 praepositione
1062 2927 1094 2985 in
1118 2923 1309 3006 conjunctus
1329 2943 1408 2988 oum

209 3040 372 3114 adjectivis
401 3034 502 3100 habet
531 3035 596 3100 vim
622 3033 730 3119 „quod
759 3034 878 3099 attinet
907 3034 968 3099 ad“
1000 3035 1053 3113 „in
1074 3033 1207 3113 Betmff,
1236 3035 1271 3098 in
1294 3033 1408 3118 Bezug

210 3147 298 3211 auf:“
328 3152 360 3211 in
384 3152 545 3227 suppliciis
567 3147 703 3213 deorum
724 3151 896 3226 magnifici,
930 3145 1019 3211 domi
1041 3146 1144 3230 parci,
1165 3147 1201 3211 in
1223 3146 1343 3211 amicos
1365 3145 1407 3209 fi-

210 3257 298 3324 deles
325 3263 419 3323 11111
440 3259 508 3324 Cat.
532 3267 594 3345 9,2.
616 3257 769 3324 liberales
792 3277 833 3322 ex
856 3259 1019 3323 sociorum
1041 3258 1197 3338 fortunis,
1230 3258 1406 3323 111111111-

209 3375 350 3435 ricordes
372 3376 405 3433 in
422 3375 549 3451 furibus
577 3371 684 3435 aerari
707 3369 775 3435 Cat.
800 3375 899 3455 5212.
929 3370 979 3434 vir
999 3375 1146 3451 egregius
1173 3374 1206 3433 in
1228 3375 1299 3435 aliis
1325 3375 1406 3433 orii-

209 3486 265 3547 bus
294 3482 389 3546 nimis
419 3482 562 3548 molliter
592 3481 829 3566 aegritudinem
855 3482 926 3565 pati
945 3481 1015 3565 Ing.
1042 3487 1126 3567 822.

282 3599 314 3657 in
332 3604 514 3673 potestatem
536 3594 667 3671 habere,
690 3594 828 3676 legimus
849 3593 918 3676 Ing.
932 3599 1037 3680 ll2‚3.
1071 3593 1194 3658 dehoc
1216 3594 1405 3659 accusativo

210 3705 248 3771 of.
270 3705 362 3770 Kritz
381 3705 540 3788 Iugurtha
559 3728 591 3790 p.
616 3712 686 3772 599.

759 3903 854 3974 Sub.

296 4046 356 4107 Sul)
382 4044 588 4128 conjunctum
619 4064 692 4107 cum
715 4042 858 4107 ablativo
890 4040 1052 4124 significat
1083 4049 1189 4106 locum.
1235 4042 1299 4105 Res
1320 4040 1404 4105 indi-

210 4161 313 4235 catur,
335 4175 419 4238 quae
441 4176 541 4239 supra
557 4154 655 4219 aliam
669 4159 762 4237 patet
782 4155 851 4236 Ing.
871 4160 920 4232 18,
929 4195 954 4238 9.
978 4152 1111 4217 Gaetuli
1131 4158 1186 4218 sub
1212 4160 1276 4218 sole
1289 4154 1403 4235 magis,

209 4266 299 4331 haud
320 4267 436 4350 procul
457 4268 499 4331 ab
515 4266 695 4332 ardoribus.
740 4265 853 4345 „mehr
865 4264 951 4330 nach
966 4264 1111 4346 Siiden“;
1135 4286 1197 4345 res,
1220 4285 1305 4348 quae
1325 4285 1403 4348 pro-

209 4379 311 4443 minet
333 4377 535 4460 significatur
556 4378 625 4444 Cat.
649 4383 699 4456 57,
706 4418 731 4462 3.
753 4382 809 4442 sub
832 4383 908 4456 ipris
930 4381 1089 4441 radicibus
1111 4377 1269 4442 montium
1291 4397 1403 4442 conse·

211 4488 260 4553 dit
281 4509 353 4568 „am
374 4487 476 4551 Fusae
499 4487 557 4552 der
579 4487 713 4569 Berge“.
758 4488 932 4553 Translata
958 4495 1009 4554 est
1029 4490 1229 4574 praepositio
1252 4487 1291 4553 fr.
1313 4488 1337 4552 Ι.
1362 4495 1404 4554 10
